2593 3663
1231 70 1295 126 1v'

69 223 116 267 et
154 234 258 267 care
297 223 448 267 tamen
488 223 662 266 ematur
699 221 825 266 laesa
866 219 1202 275 probabilitatis
1239 218 1343 274 lege
1377 218 1503 262 certa
1539 226 1595 260 ao
1630 213 1804 270 stabili,
1846 227 1936 270 qua
1972 215 2154 262 dativus
2189 217 2454 266 excluditur.

68 290 168 347 Ego
198 290 315 335 enim
344 289 410 334 sic
438 288 665 333 existimo:
709 288 769 343 si,
808 292 860 332 ut
888 287 1113 343 plerisque
1142 286 1341 341 videtur,
1384 284 1566 330 dativus
1593 283 1641 328 iu
1678 282 1923 340 archetypo
1951 282 2136 341 fuisset,
2175 297 2453 343 nequaquam

69 363 148 401 aut
177 371 327 401 errore
357 363 437 399 aut
466 357 651 400 consilio
681 370 777 399 cum
805 355 1018 410 genetivo
1048 359 1343 397 commutatus
1371 356 1504 396 esset.
1561 352 1745 395 Duobus
1774 351 1852 395 ille
1879 351 1982 395 aliis
2009 352 2178 397 dativis
2204 352 2454 416 (ἅρμασι-

68 423 367 485 τετραβάμοσι)
396 423 517 468 intel
520 423 689 478 positus
720 426 766 466 et
794 423 954 477 copula
982 421 1160 466 iunctus
1189 433 1287 466 cnm
1315 416 1491 497 ἅρμασι,
1527 422 1579 463 ιιι
1606 430 1663 463 ne
1691 417 1845 463 dedita
1873 417 2049 472 quidem
2078 431 2214 474 opera
2240 433 2328 466 non
2359 424 2454 468 ani-

69 491 293 537 madverti
322 490 555 546 potuisset,
591 490 726 535 etiam
756 502 784 534 a
813 488 1099 534 dormitantis
1128 487 1304 534 librarii
1341 486 1516 533 incuria
1552 498 1734 531 securus
1763 483 1937 530 fuisset.
1995 485 2065 531 De
2094 485 2318 533 industria
2345 504 2453 536 vero

67 559 106 605 si
117 569 245 615 quem
253 556 500 604 mutavisse
510 556 636 603 illum
643 560 787 613 putes,
797 555 903 612 quid
914 555 1094 602 tandem
1107 558 1399 602 correctorem
1409 557 1588 611 spectar
1589 552 1818 631 epotuisse
1827 552 2192 610 existimabimus,
2203 570 2386 613 cumpro
2400 575 2451 605 eo

67 627 182 681 quod
211 630 319 670 ante
346 625 496 682 pedes
525 625 641 680 quod
670 625 853 681 planum
879 628 1010 681 esset,
1039 624 1239 670 consulto
1273 627 1462 680 poneret
1482 622 1599 679 quod
1622 621 1720 679 ipse
1747 633 1836 668 nou
1855 620 2157 680 intellegeret.
2214 623 2449 674 Inversam

66 695 215 750 potius
243 695 464 738 rationem
493 694 770 749 probabilem
798 705 897 737 csse
925 697 1065 748 patet.
1123 694 1222 738 Non
1250 692 1327 748 qui
1355 690 1516 749 ψαλίων
1543 690 1819 746 scripserunt
1845 689 2034 745 librarii,
2063 691 2143 736 sed
2171 692 2248 747 qni
2275 692 2452 750 ψαλίοις,

67 767 146 806 aut
175 775 327 806 errore
354 761 473 816 lapsi
502 765 582 805 aut
611 761 733 805 ducti
762 761 958 815 consilio,
986 761 1159 805 fraudis
1184 760 1448 805 levitatisve
1476 758 1706 803 manifesti
1733 762 1851 802 sunt.
1885 782 1940 789 —
1968 758 2173 804 Ceterum
2203 759 2367 817 ψαλίοις
2394 776 2452 809 ne

69 831 187 873 bona
216 830 392 883 quidem
424 830 679 873 coniectura
708 833 790 872 est.
834 830 946 872 Nam
976 830 1099 872 nullo
1127 830 1254 873 modo
1282 828 1461 872 laudari
1481 831 1561 872 ant
1589 826 1775 871 tolerari
1797 830 1949 881 potest
1974 826 2113 871 nimia
2128 827 2210 872 illa
2233 829 2281 873 in
2309 834 2456 877 trans-

68 897 239 941 latione
268 897 470 951 audacia,
500 910 588 950 qua
617 896 734 940 freni
763 895 1073 949 quadrupedes
1103 896 1325 950 dicuntur,
1364 895 1469 949 quia
1507 895 1715 938 nimirum
1752 898 1991 949 gestantur
2028 896 2086 938 ab
2125 910 2236 950 equo
2264 901 2454 952 quadru-

66 964 193 1020 pede.
253 963 353 1010 Scio
384 977 481 1010 esse
511 963 669 1020 quibus
697 963 912 1019 probetur
948 963 989 1008 h.
1018 963 1049 1008 l.
1089 963 1359 1008 scholiastae
1396 962 1542 1020 figura
1570 959 1838 1014 οἱντίπτωσις,
1873 974 2005 1016 quam
2034 976 2168 1008 versu
2206 964 2454 1012 defendunt

65 1032 162 1086 Iph.
193 1033 296 1076 Aul.
327 1035 421 1086 245,
449 1032 527 1076 ubi
555 1031 691 1076 simili
720 1031 775 1075 de
804 1043 940 1075 causa
969 1043 1144 1075 currum
1173 1029 1326 1076 vocari
1355 1030 1483 1075 aiunt
1511 1029 1815 1085 solidipedem,
1844 1028 1885 1073 ὲν
1913 1029 2454 1094 μωνύχοις-περιστᾶσιν

63 1096 261 1162 οἷ’ρμασιν.
321 1101 384 1143 At
413 1099 485 1143 hic
513 1111 685 1154 quoque
714 1110 871 1143 versus
910 1103 1144 1153 corruptus
1179 1101 1261 1143 est.
1318 1097 1570 1155 Corrigitur
1609 1110 1638 1142 a
1665 1097 1897 1174 Madvigio
1936 1102 1983 1144 et
2011 1098 2316 1146 Heimsoethio
2344 1102 2455 1159 (ind.

63 1168 199 1210 schol.
233 1168 360 1211 Bonn
393 1170 499 1208 1872
529 1180 571 1222 p.
602 1167 710 1220 IX),
750 1166 927 1209 deletur
956 1171 1006 1210 ut
1034 1166 1300 1210 subditicius
1337 1179 1427 1210 una
1456 1178 1554 1210 cum
1584 1165 1796 1221 proximis
1830 1178 1859 1208 a
1897 1165 1952 1210 G.
1982 1166 2241 1212 Hermanno
2271 1173 2318 1213 et
2345 1170 2455 1215 Din-

63 1234 214 1278 dorfio.
272 1233 575 1278 Periculosum
606 1238 755 1278 autem
785 1238 856 1278 est
899 1234 1036 1279 dubia
1075 1235 1222 1279 dubiis
1263 1234 1525 1289 defendere,
1560 1234 1826 1290 praesertim
1853 1234 1893 1278 si
1923 1247 2076 1279 verum
2106 1240 2188 1292 est,
2227 1242 2278 1282 ut
2312 1239 2454 1305 μωνυξ

60 1315 149 1347 ιιοιι
180 1316 235 1347 ex
266 1302 450 1365 μιηω’νι·ξ
480 1306 624 1347 ortum
654 1302 736 1357 sit,
776 1302 854 1346 sed
883 1302 1132 1348 ducendum
1171 1316 1268 1348 esse
1297 1302 1508 1349 videatur
1545 1314 1573 1348 a
1609 1301 1702 1365 μοίω
1729 1301 1858 1347 verbi
1895 1302 2047 1348 radice
2086 1322 2143 1366 μα
2185 1309 2233 1350 et
2260 1301 2375 1359 ‹vv-5,
2403 1313 2454 1352 ut

61 1370 178 1414 idem
210 1370 271 1414 sit
300 1370 416 1424 quod
445 1369 629 1425 ungulis
659 1369 940 1425 festinans1).
999 1369 1126 1425 Quod
1155 1370 1194 1414 si
1224 1374 1306 1425 est,
1336 1370 1502 1426 optime
1521 1370 1586 1414 sic
1612 1369 1765 1414 vocari
1789 1373 1919 1425 patet
1946 1384 2118 1427 equum,
2147 1385 2277 1428 posse
2301 1376 2453 1420 vocari

61 1438 126 1480 sic
155 1462 209 1469 -—
238 1437 278 1481 si
306 1438 457 1493 placet
485 1443 647 1492 poetae
676 1462 730 1467 —
760 1437 896 1481 etiam
928 1450 1121 1494 currum3
1150 1451 1239 1483 non
1268 1451 1398 1495 posse
1425 1442 1553 1495 patet
1582 1437 1685 1483 hinc
1714 1441 2024 1494 argumentum
2052 1439 2161 1496 peti,
2189 1452 2274 1495 quo
2308 1441 2452 1497 „freni

60 1506 399 1559 quadrupedes“
432 1506 747 1550 defendantur.

209 1573 299 1618 Sed
327 1574 547 1618 accedunt
562 1573 668 1617 alia.
713 1574 760 1618 Si
776 1573 1065 1617 admittamus
1090 1572 1253 1629 ψαλίοις
1270 1572 1562 1635 τετραβάμοσι,
1591 1576 1671 1616 aut
1691 1571 1953 1627 interpuugi
1972 1575 2122 1626 potest
2138 1578 2240 1628 post
2269 1575 2451 1628 δινεέεις,

59 1642 139 1683 aut
167 1639 310 1684 oratio
341 1639 606 1684 continuari.
666 1639 725 1693 Si,
755 1644 806 1683 ut
835 1640 972 1696 vulgo
1002 1640 1065 1694 fit,
1109 1641 1458 1696 interpungitur,
1501 1641 1689 1685 molesta
1718 1642 1788 1683 est
1815 1638 1938 1683 αλλοί
1979 1639 2229 1693 particulae
2272 1643 2449 1687 omissio

59 1731 113 1736 —
142 1719 245 1751 nam
275 1707 510 1752 dicendum
541 1711 662 1752 erat:
691 1706 790 1751 αλλ’
819 1704 983 1769 ἅρμασι
1012 1720 1049 1751 e.
1079 1721 1120 1763 q.
1149 1721 1183 1753 s.
1214 1734 1268 1740 —
1298 1707 1611 1753 molestissima
1652 1719 1777 1762 vero,
1821 1705 1953 1751 immo
1993 1705 2293 1753 intolerabilis
2322 1710 2451 1755 verbi

58 1775 226 1828 δινευέις
257 1775 394 1819 semel
423 1774 560 1830 positi
589 1774 754 1830 duplex
783 1775 1066 1832 significatio,
1095 1777 1389 1823 intransitiva
1416 1777 1548 1822 simul
1577 1775 1763 1832 (δινευέις
1793 1776 1881 1820 ὑπο
1908 1777 2179 1837 θυρσομανεῖ)
2209 1782 2256 1821 et
2289 1779 2453 1823 transi·

58 1844 169 1899 tiva,
199 1856 296 1888 cum
327 1844 384 1887 ad
414 1845 560 1886 πῶλον
590 1843 706 1887 idem
736 1843 849 1888 illud
878 1845 1064 1889 verbum
1094 1849 1243 1890 mente
1273 1844 1553 1890 adiciendum
1582 1845 1656 1890 sit.
1714 1844 1868 1898 Neque
1901 1843 2018 1888 enim
2047 1846 2191 1888 πόλον
2219 1846 2450 1900 utriusque

57 1912 243 1954 membri
273 1911 494 1954 obiectum
525 1924 753 1954 commune
783 1924 880 1955 esse
908 1916 1069 1967 potest,
1100 1926 1158 1956 ne
1186 1913 1415 1957 sententia
1442 1913 1621 1969 penitus
1657 1915 1975 1968 corrumpatur.
2031 1913 2145 1957 Nam
2174 1912 2379 1970 absurde,
2408 1914 2447 1960 si

58 1978 123 2022 ita
151 1983 393 2033 statueres,
421 1980 827 2034 reprehenderetur
857 1993 885 2022 a
912 1985 1046 2035 poeta
1075 1982 1195 2036 deus,
1225 1994 1326 2038 non,
1356 1986 1407 2026 ut
1437 1983 1685 2038 oportebat,
1714 1981 1830 2037 quod
1860 1981 2037 2026 omnino
2065 1985 2272 2027 versaret
2301 1994 2449 2041 equos,

56 2046 136 2090 sed
167 2047 282 2100 quod
313 2060 401 2090 non
433 2051 639 2090 versaret
668 2047 779 2090 duce
809 2049 983 2093 Baccho
1014 2054 1093 2093 aut
1129 2051 1312 2094 indutus
1348 2051 1560 2106 pellibus,
1600 2050 1679 2094 sed
1718 2062 1850 2094 curru
1888 2049 2037 2105 potius
2075 2050 2277 2095 adhibito
2312 2054 2449 2106 atque

57 2114 212 2158 frenis.
272 2115 433 2167 Itaque
463 2118 532 2168 ut,
572 2113 611 2156 si
652 2113 1014 2170 interpungatur,
1045 2121 1167 2160 stare
1196 2118 1339 2171 possit
1366 2117 1614 2171 sententia,
1651 2129 1777 2160 suum
1816 2116 1977 2159 saltem
2006 2117 2186 2171 utrique
2213 2119 2448 2161 enuntiato

58 2180 278 2228 obiectum
297 2194 407 2236 opus
423 2185 504 2226 est.
564 2181 662 2226 Hoc
687 2181 824 2227 fuisse
848 2185 1112 2238 putaverim,
1142 2198 1220 2229 cur
1235 2186 1522 2241 Musgravius
1536 2185 1641 2230 olim
1657 2183 1705 2227 ου’
1719 2183 1835 2228 πόδα
1860 2185 2106 2245 θυρσομανῆ
2137 2183 2354 2228 scriberet
2368 2199 2448 2240 pro

56 2249 142 2293 οὐδ’
173 2249 259 2294 οπο
289 2254 558 2312 θυρσομανεῖ,
589 2249 827 2304 eodemque
852 2264 969 2296 nunc
982 2252 1130 2297 redire
1145 2253 1276 2298 video
1292 2253 1427 2298 etiam
1449 2254 1530 2298 Th.
1550 2253 1715 2299 Kockii
1742 2252 2054 2306 coniecturam,
2082 2252 2171 2306 qui,
2200 2252 2287 2296 etsi
2315 2254 2449 2309 longe

55 2317 146 2361 alia
177 2317 356 2362 ratione
386 2316 593 2371 ductuS,2)
624 2316 669 2361 in
689 2317 845 2362 Fleck.
868 2331 971 2363 ann.
989 2321 1131 2376 suppl.
1147 2321 1211 2366 VI
1228 2334 1268 2377 p.
1292 2325 1372 2363 202
1397 2324 1444 2366 οὐ
1468 2321 1566 2383 δόρυ
1590 2315 1847 2382 θυρσομανές
1875 2318 2120 2374 proposuit.
2162 2319 2226 2364 Ut
2250 2319 2449 2376 ingenio·

54 2396 150 2428 sum
168 2389 212 2429 et
230 2386 311 2429 hoc
327 2389 374 2429 et
391 2385 503 2429 illud
517 2385 591 2439 sit,
607 2385 858 2440 probabilia
874 2388 945 2432 vel
960 2392 1199 2443 propterea
1217 2389 1348 2434 credo
1362 2403 1451 2435 non
1467 2395 1587 2445 sunt,
1601 2389 1706 2444 quia
1720 2388 1776 2434 iis
1792 2388 1848 2434 de
1863 2387 2105 2444 negatione
2119 2383 2216 2432 ου’δέ
2225 2389 2449 2443 particula

53 2450 101 2494 δέ
130 2453 307 2497 tollitur
337 2453 384 2496 in
415 2453 719 2496 continuanda
749 2454 991 2509 negatione
1020 2455 1201 2500 minime
1230 2468 1579 2511 supervacanea.

204 2522 412 2565 Alterum
443 2525 543 2564 erat
572 2520 833 2564 continuare
862 2522 1107 2566 orationem
1138 2537 1221 2568 nee
1248 2524 1571 2581 interpungere
1598 2528 1700 2580 post
1728 2522 1906 2576 δινειίεις.
1968 2522 2094 2577 Quod
2125 2523 2165 2567 si
2187 2523 2250 2578 fit,
2279 2524 2446 2576 δινεύεις

56 2588 238 2632 verbum
255 2600 354 2632 cum
375 2586 589 2662 proximis
609 2587 881 2642 iungendum
903 2593 985 2643 est,
1016 2592 1271 2673 negationis
1293 2606 1399 2637 vero
1421 2594 1492 2637 vis
1517 2594 1575 2638 ad
1596 2606 1730 2637 unum
1755 2592 1845 2637 ύπο
1873 2597 2133 2675 θυρσομανεῖ
2156 2592 2454 2647 intendenda,

53 2654 240 2709 perinde
268 2666 322 2698 ac
344 2653 390 2697 si
419 2654 486 2697 ita
515 2653 704 2697 dixisset
731 2657 885 2708 poeta:
929 2653 1014 2709 καὶ,
1045 2657 1119 2702 ‹rt-'u
1149 2676 1210 2702 ων
1237 2659 1327 2703 ύπο
1331 2664 1616 2722 θυρσομανεῖ
1639 2677 1743 2722 μετα
1770 2656 1973 2721 νεβρίδων,
2000 2654 2163 2737 ἅρμασι
2193 2694 2201 2702 .
2229 2692 2239 2702 .
2268 2693 2277 2702 .
2307 2665 2449 2705 πῶλοι

52 2722 232 2774 διατι-’.εις
293 2722 420 2766 Haec
450 2721 768 2776 interpretatio
797 2735 900 2766 num
932 2737 1049 2771 nova
1078 2727 1139 2771 sit
1168 2740 1309 2772 necne
1337 2729 1505 2784 nescio,
1544 2732 1776 2785 poetarum
1816 2732 1939 2774 certe
1975 2727 2077 2773 usui
2105 2741 2194 2773 non
2222 2734 2449 2785 repugnat

54 2802 137 2833 nec
177 2789 504 2833 contemnenda
544 2788 738 2832 fortasse
777 2795 896 2834 esset
935 2793 976 2836 ei
1015 2794 1090 2848 qui
1128 2792 1295 2851 ψαλίοις
1335 2796 1537 2841 dativum
1576 2795 1858 2851 admitteret,
1904 2795 1993 2840 nisi
2032 2794 2148 2840 duae
2182 2807 2337 2841 rursus
2375 2809 2448 2841 res

52 2857 310 2911 obstarent,
357 2859 404 2899 et
447 2855 591 2910 ipsum
635 2855 800 2908 δινει-ἐις
846 2857 940 2902 loco
983 2860 1360 2917 importunissimo
1402 2864 1688 2920 collocatum,
1729 2862 1807 2908 ubi
1849 2875 2056 2918 quorsum
2098 2862 2326 2918 pertineat
2369 2863 2447 2909 vix

197 3024 226 3069 ¹)
253 3025 431 3061 Grashof:
467 3026 524 3061 De
550 3025 802 3061 vehiculorum
828 3027 1029 3071 generibus
1055 3028 1261 3065 Homericis
1288 3032 1381 3066 1846
1406 3040 1440 3076 p.
1458 3032 1501 3067 6.
1535 3051 1579 3057 -
1615 3029 1741 3066 Ameis
1767 3030 1814 3067 ad
1839 3029 1945 3067 Hom.
1972 3028 2040 3067 Od.
2066 3031 2160 3075 0,64.
2195 3050 2240 3057 —
2274 3029 2448 3067 Klotzius

48 3084 85 3120 in
110 3085 165 3122 ed.
192 3086 331 3122 Phoen.
359 3087 618 3133 „unungulus“
645 3086 928 3132 interpretatur.

191 3152 225 3199 ²)
251 3152 307 3190 cf.
333 3163 418 3190 ann.
444 3154 468 3189 2
491 3164 554 3199 pg.
572 3152 617 3190 V.
