2593 3663
1299 78 1346 126 X

116 222 278 273 quatur
307 218 461 263 αὐτῶν.
518 219 657 263 Immo
686 218 790 263 hinc
824 218 972 274 potius
1000 230 1284 265 numerorum
1313 218 1570 266 differentia
1596 218 1845 276 repetenda
1872 221 1964 275 est,
2003 217 2119 274 quod
2147 217 2359 264 librarius
2387 216 2499 263 duas

112 298 226 342 quae
254 286 516 332 ferebantur
541 286 937 343 interpretationes
966 286 1012 332 iu
1041 301 1178 334 unum
1207 287 1420 335 confudit.
1452 313 1502 321 —-
1534 289 1588 335 In
1617 288 1782 335 nostris
1809 288 1937 334 libris
1965 300 2022 332 ιιι.
2050 286 2232 343 scriptis
2260 298 2408 341 unum,
2438 289 2491 332 ut

115 368 252 412 supra
283 356 450 401 dictum
478 361 560 414 est,
589 350 730 413 ἢλθεν
758 361 920 403 exstat.
979 356 1267 403 Inveniretur
1295 356 1489 404 fortasse
1518 357 1654 404 etiam
1673 357 1873 415 pluraliS,
1901 356 1988 405 nisi
2003 360 2030 414 ἠ
2048 351 2109 414 δέ,
2130 355 2246 413 quod
2261 354 2498 414 paullatim

116 428 162 468 et
191 421 289 469 οὐδέ
315 430 361 469 et
390 430 428 469 οί
456 425 503 470 δέ
532 430 578 469 et
606 439 720 480 quae
754 426 845 470 alia
874 425 1211 481 temptabantur
1239 426 1425 482 pepulit,
1462 426 1579 472 omni
1609 426 1877 473 dubitationi
1906 425 2088 473 fecisset
2113 424 2260 477 finem.

267 492 363 539 Iam
391 493 432 538 si
461 494 519 539 ad
547 493 769 550 proximos
798 506 955 540 versus
983 493 1274 550 regredimur,

838 563 913 606 οὐδ
943 567 981 606 οἱ
1010 561 1065 626 μὴ
1093 561 1262 625 νόμιμοι

832 633 997 683 παῖδες,
1025 628 1153 692 ματρὶ
1179 629 1383 692 λόχευμα.
1412 629 1576 692 μίασμα
1603 632 1767 691 πατρός

112 708 187 741 eos
216 699 263 741 et
292 709 321 741 a
343 697 572 742 sententia
597 701 643 743 et
665 711 692 743 a
712 701 853 743 metro
881 699 1088 743 laborare
1116 698 1321 743 diximus.
1362 699 1474 744 Nam
1504 711 1646 754 neque
1674 698 1868 763 λόχευμα
1896 697 2050 761 ματρός
2075 699 2122 742 et
2144 695 2311 759 μίασμα
2337 693 2499 757 πατρός

113 767 237 808 recte
266 764 386 809 inter
413 778 462 809 se
491 767 654 822 opponi
680 767 875 812 vidimus
905 770 951 810 et
978 767 1097 810 alter
1133 779 1289 811 versus
1317 779 1408 811 una
1449 767 1626 824 syllaba
1667 768 1768 824 plus
1810 767 1947 814 habet
1980 777 2111 824 quam
2148 763 2497 823 antistrophicus

112 853 136 887 η
174 831 294 878 δεινοί
319 853 384 886 τις
407 831 528 893 Ερις
556 835 669 888 θεός,
697 830 731 879 οἳ
758 834 871 879 τάδε.
902 859 956 866 -
984 834 1321 879 Emendandum
1350 835 1479 880 credo
1506 835 1572 881 sic
1600 838 1690 879 est.

835 902 923 946 οὐδ’
954 906 991 946 οἱ
1019 901 1073 964 μὴ
1100 902 1268 965 νόμιμοι

829 971 990 1023 παῖδες,
1019 987 1145 1032 ματρι
1173 969 1367 1034 λόχευμα
1395 970 1646 1034 μιοίσματος,

111 1034 140 1079 i.
171 1047 208 1079 e.
250 1030 344 1080 οὐδὲ
372 1036 511 1081 καλον
541 1033 745 1101 ἔφυσαν1)
785 1042 823 1083 οἱ
852 1039 906 1101 μὴ
940 1038 1103 1101 νόμιμοι
1131 1039 1303 1092 παῖδες,
1343 1035 1384 1084 οῖ
1416 1056 1470 1107 τη
1510 1037 1641 1120 μητρί
1665 1055 1746 1085 εισι
1773 1039 1964 1122 λόχευμα
1991 1037 2149 1101 μιαρόν.
2207 1035 2498 1094 Corruptelae

110 1102 242 1159 culpa
270 1104 328 1149 ad
357 1104 710 1163 dittographiam
739 1106 870 1162 redit,
913 1119 1001 1162 qua
1030 1106 1264 1170 μιάσματος
1294 1108 1482 1163 primum
1519 1108 1566 1153 in
1595 1105 1761 1171 μίασμα
1789 1106 1942 1171 ματρός
1972 1104 2099 1161 abiit,
2136 1103 2282 1162 qnod
2325 1102 2497 1150 testi·

112 1172 283 1217 monii
333 1173 458 1219 loco
511 1174 689 1219 adhuc
738 1178 941 1220 servat
984 1175 1233 1230 optimus
1275 1176 1427 1222 liber
1462 1177 1514 1232 F,
1548 1177 1721 1232 deinde,
1757 1180 1808 1221 ut
1846 1178 1948 1231 post
1984 1172 2112 1237 ματρί
2148 1176 2495 1220 consentaneum

112 1244 234 1296 erat,
277 1241 324 1285 in
353 1260 392 1305 μ.
428 1242 601 1302 πατρός.
632 1268 686 1274 —-
716 1241 862 1306 Ματρί
891 1243 1083 1306 λάχει-μα
1119 1242 1351 1306 μιάσματος
1389 1248 1607 1291 vocantur
1633 1244 1706 1291 hic
1732 1244 1838 1300 filii,
1874 1243 1991 1289 sicut
2018 1243 2067 1288 in
2093 1255 2137 1288 v.
2177 1243 2230 1284 88
2265 1240 2499 1299 Antigona

114 1320 170 1351 ex
184 1311 409 1355 contrario
437 1312 757 1366 κλεινονθοίλος
786 1312 931 1375 πατρί.
987 1313 1101 1357 Nam
1116 1312 1355 1369 genetivus
1382 1326 1462 1369 pro
1492 1312 1715 1359 adiectivo
1735 1315 1817 1368 est,
1844 1314 1897 1357 ut
1924 1310 1971 1356 in
1988 1307 2167 1356 στολίδα
2181 1309 2415 1371 xm:
2430 1324 2495 1355 στ.

111 1377 319 1435 χλιδανιίν
348 1380 408 1433 (v.
441 1381 567 1435 1496)
596 1385 643 1424 et
670 1381 825 1444 τόλμης
853 1381 1076 1442 πρόσωπον
1114 1401 1172 1425 z:
1207 1381 1415 1445 τολμηρον
1441 1400 1509 1444 πρ.
1554 1381 1624 1437 (Ο.
1653 1381 1708 1427 R·
1738 1380 1840 1438 532)
1870 1404 1924 1412 -
1953 1378 2020 1425 Cf.
2057 1378 2218 1425 Matth.
2254 1390 2324 1437 gr
2350 1376 2497 1435 gr.11

111 1444 136 1501 §
165 1445 445 1501 316;Ki1hn.
476 1447 500 1503 ξ
529 1450 626 1503 402,
665 1461 702 1492 c.
758 1450 915 1492 Potest
943 1452 1094 1492 tamen
1125 1449 1260 1494 etiam
1288 1449 1526 1506 genetivus
1564 1461 1725 1494 causae
1754 1448 1918 1505 accipi,
1955 1451 2006 1493 ut
2043 1448 2138 1509 λόχ.
2167 1445 2404 1512 μιάσματος
2435 1445 2499 1494 sit

111 1514 227 1569 quod
264 1518 462 1560 nostrum
503 1516 603 1572 „die
640 1516 715 1562 fiir
754 1517 827 1562 die
854 1517 1026 1562 Mutter
1062 1517 1162 1561 eine
1190 1517 1364 1562 Geburt
1403 1518 1482 1562 der
1510 1518 1661 1563 Siinde
1697 1518 1838 1573 sind“,
1874 1519 2026 1570 παιδες
2054 1519 2120 1584 τη”
2148 1513 2272 1580 μητρὶ
2297 1513 2343 1562 ἐκ
2370 1514 2498 1581 μαίσ-

112 1599 241 1644 ματος
270 1583 487 1645 γενόμενοι.
546 1584 707 1629 Matth.
737 1584 799 1629 II.
829 1584 1111 1639 375;Κὶ11111.
1141 1587 1237 1640 414,
1265 1588 1306 1629 4.

261 1651 412 1696 Verba
428 1652 515 1696 ουδ’
532 1655 570 1696 οι
586 1651 640 1715 μὴ
654 1652 822 1716 νόμιμοι
838 1665 956 1697 nunc
971 1664 1060 1697 non
1075 1652 1319 1710 tetigerim.
1363 1653 1496 1708 Sana,
1522 1652 1561 1698 si
1576 1652 1847 1699 sententiam
1869 1652 2097 1711 respiciaS,
2120 1651 2330 1699 laborare
2345 1654 2497 1700 tamen

111 1719 324 1764 videntur
352 1733 380 1764 a
408 1725 562 1776 metro,
592 1721 772 1777 dactylo
800 1721 945 1776 posito
974 1732 1054 1776 pro
1091 1721 1286 1776 spondeo
1316 1720 1425 1778 (ουδ’
1455 1725 1493 1765 οι·
1521 1721 1575 1784 μὴ
1603 1722 1851 1786 νο’;;μιμοι
1871 1722 2027 1785 χαλκῳ
2056 1719 2304 1785 κοσμήσας).
2347 1719 2491 1777 Quam

109 1788 369 1834 libertatem
398 1789 486 1834 etsi
513 1789 605 1834 scio
637 1801 735 1833 esse
763 1789 839 1842 qui
866 1789 1080 1844 probent,
1116 1789 1257 1834 nihilo
1285 1790 1429 1834 minus
1463 1790 1664 1845 equidem
1692 1794 1948 1847 suspectam
1987 1789 2143 1835 habeo.
2198 1787 2319 1834 Illud
2346 1790 2498 1835 tamen

110 1857 304 1902 fortasse
347 1858 530 1902 dubium
544 1891 555 1912 ,
594 1860 695 1902 uter
736 1870 893 1902 versus
930 1857 1231 1902 emendandus
1260 1858 1470 1903 videatur
1498 1870 1617 1915 esse,
1658 1858 2010 1917 antistrophicus
2040 1869 2099 1903 an
2127 1856 2392 1916 strophicus.
2449 1856 2498 1905 Si

110 1925 208 1980 ille,
245 1925 530 1971 scribendum
563 1939 660 1970 esse
687 1925 941 1981 putaverim
977 1926 1134 1970 littera
1163 1945 1191 1988 μ
1220 1927 1422 1982 dempta:
1463 1929 1538 1970 οὐδ
1568 1931 1607 1972 οἱ
1635 1928 1713 1990 μὴν
1739 1952 1760 1961 -
1787 1926 1895 1992 οἴμοι
1928 1952 1950 1961 -
1979 1928 2139 1982 παῖδες,
2172 1922 2301 1990 ματρὶ
2328 1937 2366 1971 e.
2394 1937 2436 1984 q.
2464 1936 2500 1971 s.

112 1993 338 2049 Optimum
385 1993 453 2040 ita
501 1996 691 2039 metrum
705 2028 717 2050 ,
758 1993 926 2048 optima
965 1993 1102 2038 etiam
1141 1994 1218 2055 μὴν
1257 1995 1480 2050 particula
1519 2000 1565 2040 et
1603 1994 1711 2058 οἴμοι
1749 1996 2001 2041 interiectio
2050 1995 2109 2039 ad
2154 1993 2496 2052 significandum

112 2061 234 2106 chori
263 2060 318 2107 de
347 2060 576 2106 sententia
608 2060 826 2106 communi
856 2060 913 2105 ad
941 2072 1072 2117 reges
1101 2073 1203 2106 suos
1233 2062 1509 2107 transeuntis
1537 2063 1913 2109 vehementiorem
1951 2061 2088 2107 animi
2125 2064 2304 2107 motum.
2356 2060 2497 2107 Velut

112 2142 348 2186 oppressus
379 2130 531 2175 dolore
558 2129 606 2174 in
635 2129 780 2174 medio
809 2129 988 2174 nomine
1017 2129 1227 2186 haesitat,
1264 2129 1574 2176 interiectione
1601 2132 1726 2178 illum
1753 2131 2040 2187 profundens,
2068 2132 2308 2186 antequam
2337 2140 2496 2175 nomeu

110 2198 384 2252 pronuntiet.
442 2198 594 2242 Minus
623 2198 781 2243 timide
820 2198 1066 2254 proferrem
1105 2197 1221 2242 hanc
1261 2199 1581 2256 coniecturam,
1618 2199 1658 2245 si
1684 2211 1858 2246 nossem
1886 2198 1979 2245 alia
2005 2196 2330 2245 interiectionis
2357 2196 2496 2244 inter-

113 2267 290 2310 calatae
318 2267 439 2310 inter
467 2267 705 2310 articulum
730 2270 776 2309 et
806 2278 965 2310 nomen
997 2266 1212 2321 exempla.
1273 2266 1390 2322 Quin
1419 2267 1680 2313 intercalari
1708 2267 1862 2323 possit,
1890 2265 2072 2316 minime
2100 2264 2268 2321 dubito,
2298 2275 2397 2315 cum
2425 2265 2497 2309 tot

113 2334 206 2380 alia
233 2334 459 2391 interponi
484 2335 664 2379 soleant
693 2346 807 2388 quae
835 2346 923 2377 non
952 2335 1096 2390 magis
1125 2347 1255 2390 quam
1284 2335 1538 2380 interiectio
1554 2335 1766 2381 attributi
1783 2334 1883 2381 vice
1898 2334 2159 2392 fungantur,
2186 2344 2341 2380 verum
2355 2335 2409 2379 ut
2423 2331 2496 2381 hic

115 2401 539 2483 οἴμοι,εθιι1;οιι1;ιο,ιιι
568 2403 643 2448 vel
671 2403 1016 2458 interrumpant.
1075 2403 1169 2458 Quo
1207 2404 1254 2447 in
1291 2416 1458 2482 genere
1494 2404 1710 2459 imprimis
1740 2399 1855 2464 οἶμαι
1889 2402 2076 2448 verbum
2103 2403 2194 2456 est;
2232 2399 2289 2445 cf.
2317 2403 2346 2455 η
2375 2396 2423 2444 δέ
2449 2416 2494 2460 τι

116 2469 266 2536 οἶμαι
293 2471 420 2536 φύσις
447 2471 562 2526 αὕτη
591 2469 822 2534 ἀποφαίνει
851 2471 970 2515 Plat.
1008 2471 1145 2527 Gorg.
1173 2473 1255 2512 483
1292 2471 1345 2526 d;
1387 2474 1424 2516 οἱ
1451 2465 1528 2531 γὰρ
1568 2467 1718 2533 οἶμαι
1747 2469 1967 2530 βέλτιστοι
1995 2469 2121 2514 Dem.
2165 2470 2232 2525 54,
2276 2469 2353 2524 383
2402 2467 2495 2522 alia.

115 2540 181 2586 Cf.
211 2539 346 2585 etiam
385 2540 461 2584 τον
498 2536 596 2597 ηδη
632 2539 761 2585 Λοίιον
798 2538 946 2584 πάλαι
984 2539 1127 2602 νεκρόν
1163 2539 1435 2585 O.R.1245
1475 2543 1522 2585 et
1556 2557 1633 2585 και
1670 2556 1747 2584 τον
1789 2532 1861 2602 μὲν
1897 2547 2008 2595 ηστο
2045 2541 2249 2583 πλεῖστον
2281 2502 2494 2601 αφ’θοηος

113 2609 268 2673 χρόνον.
328 2609 400 2654 Ai.
429 2612 532 2666 311;
563 2609 656 2655 alia
683 2609 730 2654 id
757 2620 900 2667 genus
929 2608 1134 2665 plurima.

262 2678 326 2723 Et
352 2679 464 2725 haec
491 2679 668 2734 quidem
696 2679 753 2722 de
780 2677 972 2734 singulis
1002 2681 1049 2722 et
1076 2678 1227 2723 verbis
1255 2681 1302 2722 et
1327 2677 1545 2722 versibus·
1601 2677 1750 2731 Nunc,
1788 2688 1873 2731 quo
1915 2675 2068 2731 qualia
2109 2675 2204 2720 sint
2236 2674 2394 2725 melius
2422 2686 2491 2721 co·

112 2750 368 2805 gnoscatur,
398 2759 486 2791 uno
515 2746 662 2791 omnia
690 2749 929 2803 conspectu
958 2746 1389 2804 comprehendemus·

171 2820 251 2858 799
293 2813 532 2861 ἀντίπαλον
557 2810 671 2860 κατὰ
698 2815 836 2860 λαίνα
865 2812 1008 2875 τείχεα
1365 2818 1446 2857 817
1496 2816 1546 2858 οὐ
1574 2807 1650 2873 γὰρ
1679 2805 1708 2856 3
1735 2811 1789 2874 μὴ
1817 2810 1955 2856 καλόν
1983 2806 2129 2856 οὔποτ’
2156 2805 2238 2875 ἔφυ
2262 2811 2410 2866 καλόν,

361 2889 510 2944 χαλκῶ
538 2883 764 2964 κοσμήσας.
1555 2881 1642 2926 ου’-δ’
1673 2885 1711 2924 οἱ
1737 2879 1790 2941 μὴ
1818 2879 1984 2941 νι’μιμοι
2012 2880 2108 2935 (ουδ
2135 2882 2175 2927 οἱ
2201 2877 2280 2940 μὴν
2309 2876 2437 2940 οἴμοι)

294 2942 326 3008 η’
354 2950 475 2996 δειναί
500 2967 565 3004 τις
583 2945 702 3013 ’Ἔρις
731 2950 845 3003 θεος,
874 2969 902 2994 α
937 2950 1043 2994 τα’δε
1482 2952 1644 3006 παῖδες,
1673 2965 1802 3012 ματρι
1827 2947 2020 3033 λόχευμα
2046 2945 2298 3035 μιάσματος,

365 3019 531 3082 μήσατο
559 3018 741 3081 πήματα
767 3023 839 3078 γᾶς
869 3019 1058 3076 βασιλευ
1064 3034 1144 3071 σιν,
1556 3013 1651 3064 ουδὲ
1682 3016 1880 3079 σύναιμον
1910 3034 1958 3070 ος
1988 3021 2044 3069 εἰς
2073 3011 2195 3076 λέχος
2224 3006 2379 3072 ηἎθεν,

361 3083 644 3146 Λαβδακιδαις
673 3085 976 3148 πολυμόχθοις.
1556 3084 1901 3149 πατροφόνος
1940 3083 2313 3141 πολυπενθιίς.

257 3189 287 3239 ¹)
320 3172 452 3226 Κατοὶ
479 3179 630 3226 κοινοῦ
659 3177 711 3224 ro*
743 3179 792 3224 ου’
820 3176 969 3235 καλόν,
994 3186 1107 3226 schol.
