2593 3663
1208 55 1328 102 XIII

87 221 172 266 que
200 204 569 252 convenientiam.
626 203 713 260 Qui
740 217 894 249 rursus
922 204 979 249 ab
1017 203 1286 260 ineptiarum
1313 208 1439 250 stant
1465 205 1683 260 partibus,
1720 208 1800 250 aut
1826 205 2021 250 librariis
2051 206 2335 260 maledicunt,
2374 208 2453 250 aut

87 278 290 335 plectunt
311 273 461 319 nescio
475 285 604 328 quem
632 271 690 317 do
715 271 1085 328 interpolatomm
1111 285 1272 330 grege:
1299 278 1381 319 aut
1405 276 1633 330 corruptos
1649 273 1845 317 clamant
1874 285 1970 318 esse
1984 286 2139 318 versus
2168 277 2248 318 aut
2268 272 2454 328 spurios.

88 341 402 392 Emendandos
431 353 528 387 esse
555 334 684 386 aiunt
711 338 793 396 illi,
836 339 924 386 etsi
952 339 1008 386 de
1036 340 1346 387 emendatione
1373 341 1626 398 desperant,
1664 340 1711 385 hi
1739 340 1794 385 ob
1822 339 1869 385 id
1898 339 2040 396 ipsum
2068 341 2203 387 credo-
2236 340 2342 396 quia
2383 339 2456 384 de·

87 413 285 470 sperant,
315 405 551 455 emendare
581 412 754 466 negant
786 420 894 465 opus
922 419 1033 453 esse.
1089 404 1219 464 Ipsas
1247 408 1442 466 ineptias
1469 408 1581 454 satis
1616 407 1921 452 demonstrare
1950 408 2164 465 originem
2191 420 2400 453 versuum
2428 420 2457 451 a

87 481 221 538 poeta
248 476 456 523 alienam.
512 476 776 522 Adversarii
813 488 966 522 rursus
1004 474 1140 520 etiam
1176 475 1401 521 stultitiae
1437 480 1581 521 certos
1616 475 1827 530 quosdam
1865 486 1963 519 esse
1999 474 2110 519 flues
2144 479 2373 530 statuunt3
2415 475 2455 518 si

87 544 230 602 inepti
256 543 351 590 sint
377 555 534 605 versus
547 576 559 600 ,
597 542 637 588 si
665 543 860 599 absurdi,
887 543 933 588 si
954 541 1124 597 insani,
1162 554 1221 587 ne
1247 542 1559 599 interpolatori
1585 543 1761 599 quidem
1800 555 1874 587 eos
1900 542 2182 599 imputandos
2211 556 2329 599 esse,
2366 542 2456 587 nisi

87 625 207 670 vero,
235 623 333 657 cum
362 611 662 656 fabricaretur
688 623 845 655 versus
873 610 1067 665 insanos,
1098 609 1234 654 etiam
1260 610 1404 666 ipsum
1431 610 1701 655 insanivisse
1726 614 1871 666 putes.
1928 610 2023 665 Ipsi
2051 610 2240 665 denique
2267 611 2349 666 illi,
2379 609 2455 665 qui

90 679 146 725 de
172 677 519 736 interpolatione
547 680 772 733 accusant,
799 677 919 722 inter
945 688 995 722 se
1018 676 1074 721 de
1101 688 1282 721 numero
1296 689 1504 722 versuum
1531 677 1779 733 spuriorum
1807 677 2032 722 differunt.
2073 678 2188 722 Sunt
2217 679 2291 733 qui
2319 690 2454 722 unum

88 759 131 793 v.
164 748 265 787 1191
297 748 557 802 expungant
593 744 722 807 κόμαι
749 739 822 807 μὲν
848 749 903 797 εὶς
925 741 1166 808 Ὄλυμπον,
1198 741 1305 808 αἷμα
1331 746 1424 798 δἐις
1452 745 1609 805 χθόνα;
1648 746 1727 790 alii
1755 750 1802 789 et
1829 747 1940 790 haec
1967 750 2015 790 et
2041 758 2156 800 quae
2182 746 2456 801 praecedunt

88 811 207 876 χωρὶς
234 813 435 868 αλλήλων
464 808 590 874 μέλη,
628 812 832 856 lacunam
870 812 1001 857 simul
1037 812 1289 857 iudicantes
1323 818 1426 869 post
1460 812 1750 876 ἐσφενδωνᾶτος
1789 815 1869 859 alii
1905 818 1999 859 tres
2042 814 2273 869 expellunt
2300 825 2456 858 versus

89 883 374 937 1190—1192,
401 879 672 944 ἐσφενδονᾶτο
687 905 741 912 -
755 876 944 937 Ἰξίονοςς
972 879 1052 926 alii
1080 883 1127 925 et
1155 879 1233 926 hos
1261 884 1309 927 et
1336 881 1422 927 duo
1449 885 1685 938 praeterea
1712 882 1993 928 hemistichia
2020 881 2226 938 ἐκτύπησε
2248 877 2291 926 δὲ
2323 886 2455 942 χθών,

87 949 203 997 (ἕστε
245 950 382 995 δεῖσαι
425 948 606 1004 πάντας,
643 961 670 994 e
705 951 803 993 tota
840 948 921 994 illa
969 947 1037 993 rei
1079 948 1326 995 horrendae
1375 949 1673 1007 descriptione
1710 950 1823 995 nihil
1861 950 2164 1005 relinquentes
2200 951 2288 995 nisi
2327 951 2457 994 hosce

87 1030 243 1067 versus
282 1017 617 1077 frigidissimos:

767 1086 848 1146 ἤδη
874 1090 911 1133 δ’
938 1087 1244 1153 ὑπερβαίνοντα
1269 1097 1389 1151 γεῖσα
1415 1088 1587 1152 τειχέων

764 1160 918 1220 βοίλλει
945 1161 1140 1223 usqae-n?
1167 1160 1274 1214 Ζεύς
1302 1179 1378 1217 νιν,
1405 1160 1450 1205 ἐκ
1477 1156 1522 1205 δὲ
1548 1160 1768 1223 κλιμοίκων

771 1226 969 1272 εἱλίσσετ’
998 1253 1049 1260 -
1081 1235 1135 1282 εἰς
1163 1231 1246 1288 γῆν
1273 1225 1483 1292 δ’ἔμπυρος
1512 1228 1662 1274 πίπτει
1688 1229 1836 1291 νεκρός.

230 1296 320 1341 Nos
349 1309 378 1340 a
405 1308 493 1351 qua
530 1298 661 1351 parte
700 1299 868 1341 stemus
905 1296 1040 1341 facile
1078 1300 1279 1352 apparet.
1336 1298 1639 1354 Interpolatos
1676 1309 1832 1343 versus
1870 1308 1957 1341 non
1995 1295 2213 1341 credimus
2250 1307 2369 1351 esse,
2407 1300 2457 1341 at

84 1367 312 1420 corruptos
353 1367 400 1409 et
436 1362 557 1419 labe,
595 1374 726 1418 quam
764 1363 938 1409 incuria
975 1364 1257 1411 librariorum
1293 1368 1543 1423 traxerunt,
1580 1365 1710 1411 foede
1746 1364 2027 1411 deformatos.
2095 1363 2220 1419 Quae
2247 1363 2454 1419 quoniam

86 1431 266 1478 sublata
292 1432 485 1478 nondum
515 1435 597 1487 est,
625 1431 753 1477 nobis
781 1444 953 1488 quoque
980 1432 1116 1478 licere
1143 1433 1398 1489 putavimus
1431 1437 1653 1491 temptare
1690 1434 1927 1479 fortunam.
1984 1432 2096 1477 Ausi
2133 1445 2221 1477 non
2263 1445 2456 1477 essemus

83 1500 171 1545 nisi
199 1512 423 1556 prospere,
450 1503 502 1544 ut
528 1499 780 1555 videbatur,
809 1500 912 1545 olim
942 1501 1064 1546 facto
1095 1502 1237 1558 initio,
1265 1515 1367 1559 spes
1397 1507 1443 1547 et
1471 1502 1643 1548 animus
1672 1502 1931 1547 crevissent.
1988 1502 2102 1546 Nam
2131 1502 2207 1545 diu
2236 1507 2319 1556 est,
2357 1514 2456 1546 cum

82 1568 127 1613 in
157 1568 308 1613 verbis
350 1567 480 1631 κόμαι
509 1563 582 1630 μὲν
610 1574 665 1620 εἰς
686 1562 914 1630 Ὄλυμπον
942 1569 1093 1614 Ovidii
1122 1583 1285 1615 memor
1312 1574 1415 1616 met.
1444 1572 1492 1616 II
1522 1573 1625 1626 319,
1663 1583 1791 1625 quem
1831 1570 2100 1614 commodum
2138 1570 2359 1625 legeram:
2399 1574 2458 1613 at

82 1636 383 1682 Phaethon
424 1637 640 1682 rutilos
682 1636 910 1683 flamma
959 1638 1275 1694 populante
1326 1635 1598 1695 capillos,
1643 1652 1808 1684 memor
1853 1650 2024 1693 quoque
2051 1637 2238 1682 Medeae
2273 1649 2316 1681 v.
2350 1639 2456 1678 1182

82 1705 173 1766 πιῖρ
202 1704 251 1757 δ’,
280 1702 369 1749 ἐπεὶ
396 1704 525 1767 κόμην
551 1701 696 1758 ἔσεισε,
725 1710 886 1767 μᾶλλον
904 1703 964 1759 δὶς
999 1705 1131 1760 τόσως
1157 1706 1196 1750 τ’
1223 1704 1450 1770 ἐλάμπετο,
1477 1707 1524 1752 in
1547 1707 1698 1752 verbis
1721 1706 1813 1752 illis
1837 1705 2060 1751 detexisse
2083 1705 2192 1750 mihi
2213 1705 2337 1750 Visus
2361 1717 2458 1750 sum

83 1772 215 1818 haec:
243 1771 374 1835 κόμαι
404 1767 475 1835 μὲν
504 1775 560 1825 κός
590 1768 788 1834 ἔλαμπον.
847 1773 971 1818 Idem
1000 1773 1072 1819 hic
1099 1778 1234 1830 atque
1262 1775 1357 1821 illic
1383 1775 1532 1821 dicere
1564 1775 1760 1821 voluisse
1798 1774 2108 1819 existimabam
2145 1776 2322 1828 poetam
2361 1773 2458 1830 igni

91 1843 316 1896 correptos
330 1840 475 1886 crines
491 1840 703 1898 effulgere
718 1840 927 1896 coepisse.
984 1841 1080 1896 Quo
1095 1854 1215 1897 vero,
1244 1843 1523 1898 quaerebam,
1547 1843 1686 1897 modo,
1708 1843 1972 1886 attributum
1989 1842 2167 1895 aliquod
2184 1841 2456 1885 desiderans.

87 1908 176 1952 Sua
204 1907 251 1952 id
279 1912 438 1964 sponte
474 1907 651 1962 aderat,
686 1906 896 1969 αίμιόδεις,
936 1909 1101 1954 dictum
1130 1910 1242 1954 illud
1270 1911 1367 1955 sive
1396 1911 1451 1955 de
1480 1911 1645 1965 colore,
1682 1910 1798 1954 sicut
1825 1913 1960 1954 antea
1990 1909 2226 1964 Sophocles
2256 1909 2457 1971 αἱματόεν

85 1972 207 2037 ῥέθος
238 1975 415 2021 dixerat
429 1975 555 2031 (Aut.
583 1987 626 2020 v.
655 1976 756 2030 527)
785 1979 832 2020 et
859 1982 960 2031 post
974 1977 1197 2022 Leonidas
1217 1978 1321 2023 Tar.
1350 1978 1501 2041 φιῖλλα
1527 1996 1574 2022 τε
1603 1973 1874 2039 πεπταμένων
1900 1975 2164 2038 αἱματόεντα
2193 1976 2320 2037 ῥόδων
2347 1976 2456 2028 (Iac.

87 2043 173 2089 del.
202 2042 344 2100 epigr.
373 2042 409 2087 Ι.
449 2043 534 2099 69),
571 2041 669 2088 sive
709 2042 824 2098 quod
862 2056 1022 2089 revera
1060 2058 1215 2090 cruore
1251 2046 1405 2102 capilli
1443 2045 1654 2091 maculati
1692 2048 1833 2100 erant,
1872 2044 1988 2089 sicut
2015 2044 2215 2090 Glaucae
2247 2045 2455 2089 'ardentis

87 2124 222 2167 coma,
251 2110 308 2156 de
335 2123 422 2166 qna
449 2110 559 2155 haec
585 2114 718 2166 poeta
746 2111 793 2156 in
818 2112 933 2156 Med.
961 2124 1004 2158 v.
1036 2116 1164 2157 1187:
1192 2110 1298 2176 αἷμα
1325 2114 1361 2157 δ’
1389 2113 1433 2167 ἐξ
1460 2111 1591 2173 ἄκρου
1620 2109 1766 2167 ἔσταξε
1795 2113 1949 2175 κρατός
1978 2109 2316 2175 συμπεφυρμένον
2342 2111 2452 2174 πυρί.

83 2290 136 2327 sic
174 2290 325 2328 fulmine
359 2290 466 2328 disici
498 2300 603 2327 nemo
636 2290 775 2328 nescit:
825 2291 1006 2329 hominem
1039 2302 1126 2329 vero
1160 2292 1207 2329 ad
1239 2292 1351 2330 istum
1383 2293 1527 2330 modum
1561 2293 1599 2330 vi
1632 2292 1793 2331 fulminis
1827 2292 2045 2339 dissipatum
2075 2291 2334 2337 incensumque
2368 2302 2447 2328 cum

81 2358 190 2396 finxit
211 2358 418 2405 Euripides,
456 2353 662 2413 κεραυνοῦ
678 2360 866 2413 κρεῖσσον
895 2349 1070 2415 ’telenum’
1097 2349 1256 2412 βέλος.ἒ’

238 2419 270 2466 ²)
295 2418 407 2457 Velut
431 2419 549 2457 Fecht
572 2431 696 2468 progr.
719 2420 901 2470 Freiburg
925 2422 949 2459 i.
974 2421 1017 2458 B.
1044 2423 1148 2467 1884,
1183 2421 1245 2468 qui
1270 2420 1392 2458 omnia
1414 2421 1463 2458 ad
1493 2421 1615 2458 nuntii
1647 2426 1691 2458 ut
1714 2420 1870 2458 bominis
1895 2421 1940 2457 de
1965 2421 2072 2468 plebe
2098 2431 2301 2458 sermonem
2325 2420 2453 2457 refert.

74 2477 194 2524 „Nun
219 2480 325 2529 zeigt
348 2479 437 2517 aber
460 2480 521 2518 die
545 2480 712 2528 taglicbe
737 2481 961 2529 Erfahrung,
986 2481 1057 2518 wie
1081 2482 1147 2518 das
1164 2481 1261 2518 Volk
1285 2481 1345 2518 bei
1357 2481 1575 2528 Erzahlung
1586 2481 1911 2529 ungewolmlicher
1932 2481 2148 2528 Ereignisse
2173 2480 2360 2517 dieselben
2384 2479 2453 2516 mit

83 2538 389 2584 phantastiscben
413 2540 542 2588 Zilgen
574 2541 648 2579 und
672 2532 996 2590 liberereibungen
1027 2546 1247 2580 ausstattet.
1295 2541 1378 2579 Und
1412 2553 1452 2579 so
1478 2542 1574 2579 lasst
1598 2542 1693 2580 auch
1725 2542 1806 2579 hier
1837 2541 1906 2579 mit
1942 2541 2073 2587 feiner,
2109 2543 2177 2578 auf
2198 2540 2362 2578 scharfer
2384 2541 2453 2577 Be·

84 2597 296 2647 obacbtung
327 2598 556 2638 beruhender
580 2601 996 2650 Charakterzeichunng
1026 2612 1138 2640 unser
1171 2601 1322 2639 Dichter
1354 2601 1424 2639 den
1449 2602 1570 2638 Boten
1604 2601 1807 2647 schildern,
1840 2601 1910 2638 wie
1936 2600 1995 2637 die
2021 2600 2170 2637 Glieder
2203 2601 2266 2637 des
2291 2600 2384 2646 Καρ.
2412 2599 2451 2636 in

83 2658 149 2696 der
172 2658 263 2696 Lnft
286 2659 613 2709 umbergewirbelt
636 2662 795 2708 werden,
821 2662 891 2699 wie
916 2662 975 2700 die
1000 2663 1125 2700 Haare
1150 2672 1275 2710 gegen
1304 2662 1463 2699 Himmel
1489 2661 1644 2707 stieben,
1671 2662 1741 2698 wie
1766 2672 1846 2697 vom
1873 2661 2222 2698 herabstromenden
2239 2661 2349 2697 Blute
2374 2660 2452 2696 sich

83 2718 143 2755 dic
167 2719 264 2756 Erde
289 2724 390 2757 rotet
413 2722 487 2758 und
511 2722 582 2759 wie
606 2722 703 2759 daun
728 2723 794 2759 der
815 2724 955 2770 Rumpf
975 2723 1043 2759 auf
1063 2722 1134 2759 den
1158 2723 1285 2759 Boden
1309 2723 1446 2759 sinkt.“
1460 2745 1504 2751 —
1521 2723 1592 2758 Sed
1617 2722 1818 2767 speciosius
1843 2721 2019 2757 Fecbtius
2044 2722 2161 2757 vertit
2186 2731 2290 2766 quam
2315 2720 2450 2757 verius.

82 2777 155 2815 Vix
179 2790 200 2816 e
225 2780 346 2817 verbis
372 2781 452 2818 eius
477 2782 633 2828 colligas
658 2787 699 2819 et
723 2784 875 2829 capillos
910 2789 950 2821 et
974 2784 1193 2831 sanguinem
1217 2783 1458 2820 membrorum
1481 2794 1631 2820 numero
1659 2781 1786 2819 haberi
1799 2810 1809 2826 ,
1841 2793 1914 2818 uon
1938 2781 1985 2818 ad
2009 2781 2123 2818 nubes
2159 2780 2260 2818 abire
2297 2779 2449 2826 capillos

85 2837 151 2875 sed
173 2837 212 2876 in
229 2838 435 2887 Olympum,
459 2852 532 2879 non
556 2840 718 2879 defluere
743 2842 960 2890 sanguinem
986 2847 1026 2881 et
1049 2843 1265 2881 mbefacere
1289 2843 1417 2889 solum,
1443 2843 1508 2881 sed
1532 2842 1667 2880 iactari
1697 2853 1779 2880 eum
1804 2842 1851 2878 ad
1875 2846 2013 2878 terram
2038 2846 2081 2878 ut
2105 2851 2180 2877 rem
2207 2840 2359 2877 solidam
2384 2845 2451 2876 aut

85 2904 191 2950 quasi
215 2906 347 2944 saltem
372 2906 551 2954 liquorem
575 2907 637 2954 qui
661 2920 751 2946 vase
777 2910 1007 2959 excutiatur3
1025 2923 1097 2949 non
1122 2915 1293 2949 truncum
1317 2909 1474 2957 denique
1497 2909 1536 2947 in
1550 2913 1687 2947 terram
1705 2909 1848 2953 cadere,
1873 2909 1937 2944 sed
1963 2911 2081 2944 totum
2106 2918 2234 2953 corpus
2260 2901 2449 2958 (νεκρός),

83 2970 296 3013 postquam,
330 2972 375 3005 ut
398 2969 535 3006 festive
560 2970 617 3006 ait
639 2969 845 3016 Nanckius,
882 2972 1043 3009 membra
1069 2973 1188 3009 ‘variis
1221 2971 1405 3008 erroribus
1438 2970 1579 3007 exactis
1610 2970 1649 3006 in
1672 2981 1784 3006 nuum
1815 2980 1940 3005 rursus
1965 2972 2225 3004 convenerunt.
2251 2989 2295 2994 —
2324 2969 2449 3012 „Alles

84 3022 202 3073 lege,
226 3028 354 3075 pergit
377 3029 564 3075 Fechtius,
589 3041 638 3066 an
662 3030 775 3068 deren
795 3028 993 3077 Wabrheit
1017 3032 1083 3069 der
1104 3032 1259 3069 Dichter
1281 3031 1466 3068 natiirlich
1491 3030 1608 3068 selbst
1631 3029 1734 3067 nicht
1758 3029 1898 3076 glaubt,
1923 3039 1994 3065 von
2018 3027 2134 3064 denen
2161 3038 2201 3064 er
2224 3028 2319 3065 auch
2343 3028 2450 3066 nicht

83 3088 267 3136 verlangt,
292 3089 377 3128 dass
402 3090 456 3128 sie
482 3086 542 3128 die
567 3088 731 3128 zahorer
754 3092 809 3129 als
834 3091 1025 3130 wirkliche
1046 3091 1207 3140 glauben
1232 3090 1360 3137 sollen,
1386 3090 1525 3129 welche
1550 3089 1728 3129 vielmehr
1753 3089 1818 3126 der
1842 3089 1935 3125 Bote
1960 3087 2009 3125 im
2027 3084 2131 3124 Eifer
2155 3085 2220 3125 des
2241 3085 2448 3126 Erzahlens

85 3145 163 3187 sich
187 3147 354 3189 eiuredet
378 3149 543 3199 genehen
567 3160 615 3191 zu
639 3150 793 3193 haben“.
818 3173 864 3181 —
889 3151 965 3192 Nos
989 3162 1036 3192 ue
1061 3152 1128 3193 hoc
1155 3151 1299 3202 quidem
1323 3154 1367 3190 ut
1390 3151 1580 3190 credamus
1603 3154 1750 3200 poetam
1776 3149 1953 3186 credimus
1977 3148 2167 3197 postulare
2192 3159 2312 3197 posse.
