2593 3663
1221 59 1291 109 XI

221 201 383 250 Omnia
407 204 456 249 iu
494 203 564 248 his
591 203 730 258 plana
766 215 865 247 esse
892 202 1019 247 vides
1055 203 1399 257 restitutumque
1436 205 1483 247 et
1519 205 1758 247 metrorum
1795 207 1843 246 et
1878 203 2201 248 sententiarum
2239 204 2437 250 ordinem

72 272 281 321 remediis
315 270 529 318 adhibitis
571 281 702 327 quam
739 268 1090 327 simplicissimis.
1147 269 1261 315 Nam
1295 270 1422 316 velut
1448 283 1531 315 sua
1567 274 1748 327 sponte,
1784 270 1861 315 ubi
1903 270 2040 315 semel
2079 271 2321 316 clausulam
2367 272 2441 318 de-

73 355 172 391 esse
207 339 615 397 animadvertimus,
652 352 678 386 e
713 338 903 398 singulis
940 338 1120 397 singula
1161 343 1398 384 consecuta
1441 343 1558 385 sunt.
1615 341 1680 384 At
1719 342 1916 394 quantae
1944 340 2104 384 turbae
2132 344 2309 385 coortae
2336 345 2442 386 sunt

75 408 238 455 ceteris
264 408 490 463 omnibus,
506 408 583 463 qui
610 408 679 452 his
707 407 912 452 versibus
935 420 1115 462 operam
1142 411 1437 462 navaverunt,
1465 409 1591 452 nulla
1612 409 1704 453 alia
1728 422 1876 464 causa,
1903 421 2032 463 quam
2059 409 2175 463 quod
2203 423 2259 454 ex
2285 409 2441 454 ultimo

77 476 156 533 qui
181 475 447 521 tradebatur
460 487 594 520 versu
622 480 674 519 ut
701 487 757 520 ex
782 487 894 522 vera
909 474 1108 520 clausula
1134 473 1336 530 profecti,
1363 478 1484 519 retro
1511 476 1616 521 inde
1637 480 1793 521 euntes
1822 480 1902 521 aut
1927 477 2168 522 resecando
2196 481 2277 523 aut
2303 477 2440 523 inter-

75 544 547 602 polandoconsensum
570 546 808 588 metrorum
833 542 1121 599 appetebant.
1181 542 1241 587 Ut
1265 555 1373 587 vero
1392 545 1641 600 metrorum,
1665 544 1732 589 ita
1752 545 1887 590 etiam
1908 545 2123 590 orationis
2143 549 2195 590 ut
2212 546 2280 591 ita
2299 546 2443 591 dicam

75 622 313 657 consensus
322 622 441 655 nunc
448 611 674 666 perfectus
684 615 778 655 est·
788 612 950 655 Notum
961 613 1032 654 est
1041 610 1209 665 triplex
1216 610 1360 655 solere
1371 623 1468 655 esse
1477 611 1524 654 in
1535 613 1719 657 canticis
1731 613 2066 667 aequabilitatis
2074 626 2216 670 genus
2226 617 2275 659 et
2283 618 2442 659 metro-

73 693 170 726 rum
198 690 562 734 numerorumque
599 681 646 722 et
683 677 878 733 corporis
916 679 1109 721 motuum
1138 679 1185 721 et
1212 676 1352 732 ipsius
1381 677 1530 733 etiam,
1557 679 1597 722 si
1624 679 1721 723 fieri
1749 680 1902 735 possit,
1931 680 2159 735 orationis,
2188 681 2304 725 hanc
2330 693 2439 726 vero

74 747 276 792 ultimam
302 758 400 791 cum
426 746 474 791 in
501 746 610 791 totis
624 745 862 790 sententiis
890 745 1024 800 cerni,
1053 757 1150 788 cum
1171 744 1476 800 exprimantur
1503 745 1550 790 in
1579 746 1859 802 antistropha
1874 761 1988 801 quae
2015 747 2062 792 in
2091 749 2276 803 stropha
2289 749 2438 794 adum-

75 816 207 859 brata
217 813 323 869 sint,
343 817 424 858 aut
433 813 666 858 varientur
688 812 942 857 sententiae
963 815 1043 856 aut
1052 812 1346 868 corrigantur,
1366 817 1460 858 tum
1473 827 1578 858 vero
1593 814 1694 858 vel
1681 827 1728 858 111
1740 815 1929 892 singulis
1943 815 2095 861 verbis
2110 820 2190 861 aut
2204 816 2348 861 forma
2361 821 2441 862 aut

74 881 403 939 significatione
431 880 668 927 simillimis
682 883 1064 937 congruenterque
1091 880 1280 926 maxime
1308 880 1548 926 collocatis
1596 881 1721 936 Quod
1750 882 1883 926 etiam
1911 882 1958 927 in
1983 883 2066 928 hoc
2095 883 2150 928 de
2173 896 2258 938 quo
2287 884 2440 942 agitur

75 948 270 995 carmine
298 949 475 994 accidit.
533 949 588 994 Iu
616 949 712 1005 ipso
749 947 981 1003 utriusque
1008 949 1220 1028 strophae
1253 949 1433 993 exordio
1467 949 1575 993 duos
1603 949 1831 993 vocatives
1860 951 2071 995 habemus
2099 962 2133 993 ω’
2164 951 2440 1016 πολύμοχθος

67 1012 195 1076 ’Ἄρης
225 1020 272 1062 et
300 1034 332 1060 ω
367 1011 697 1071 ζαθέων-νάπος
732 1016 779 1061 in
808 1028 852 1061 v.
880 1019 905 1058 3
943 1017 1020 1060 οὐκ
1048 1014 1117 1060 ἐπι
1143 1020 1190 1061 et
1218 1015 1390 1079 μήποτε,
1417 1016 1463 1060 in
1496 1028 1540 1060 v.
1571 1019 1595 1057 6
1623 1015 1874 1070 ἐπιπνευσας
1905 1022 1949 1062 et
1979 1015 2116 1070 ἔλθοι,
2144 1019 2199 1064 de
2228 1019 2440 1076 Sphingis

76 1088 274 1133 adventu
290 1087 384 1144 hoc,
411 1087 524 1132 illud
544 1087 710 1132 dictum
739 1086 794 1131 de
824 1086 1036 1142 hostium;
1066 1087 1278 1132 habemus
1308 1086 1458 1149 αἵματι
1486 1086 1630 1145 Θήβας
1659 1090 1706 1129 et
1733 1085 1899 1130 πένθεα
1925 1084 2044 1145 γαίας
2074 1087 2121 1131 in
2150 1100 2194 1132 v.
2225 1090 2262 1143 7,
2300 1094 2439 1150 κῶμον

74 1155 368 1201 ἀναυλότατον
395 1159 442 1201 et
469 1153 807 1218 ἀμουσοτάταισι
837 1155 915 1200 στῖν
942 1156 1067 1209 ω’δαῖς
1096 1155 1143 1200 in
1173 1168 1217 1200 v.
1247 1158 1287 1211 8,
1313 1153 1480 1217 ἅρμασι
1502 1159 1549 1199 et
1576 1152 1733 1214 τείχεσι
1762 1154 1808 1199 in
1840 1158 1911 1209 10;
1940 1156 2174 1211 utrobique
2203 1160 2441 1212 praeterea

75 1224 131 1269 de
167 1223 337 1279 impetu
371 1226 506 1279 atque
541 1227 663 1269 motu
691 1223 856 1281 agitur.
913 1223 1168 1278 Sequuntur
1193 1222 1240 1267 in
1268 1235 1311 1267 v.
1342 1225 1392 1263 12
1424 1219 1636 1266 ιππείαισι
1664 1221 1832 1274 ,θοάζεις
1863 1227 1909 1265 et
1937 1221 2158 1285 Καδμείοις
2199 1220 2440 1286 ἐπιπέμπει,

73 1291 158 1336 duo
187 1291 333 1337 dativi
360 1295 407 1336 et
435 1291 521 1336 duo
548 1291 689 1336 verba
727 1294 890 1335 motum
919 1291 1181 1344 indicantia,
1223 1290 1271 1333 in
1313 1303 1356 1333 v.
1389 1293 1438 1330 13
1466 1286 1607 1349 γέννας
1637 1294 1684 1333 et
1711 1287 1882 1341 παίδων,
1910 1291 1957 1334 in
1986 1292 2196 1336 extremis
2232 1292 2436 1346 denique,

71 1358 111 1402 si
139 1358 249 1402 fides
278 1362 348 1402 est
376 1359 655 1402 coniecturae
682 1362 875 1412 nostrae,
904 1355 1187 1415 Λαβδακίδαις
1201 1356 1490 1418 πολυμόχθοις
1510 1361 1557 1401 et
1570 1357 1825 1420 πατροφόνος
1844 1357 2116 1413 πολυπενθτίς
2137 1358 2234 1403 Sive
2248 1358 2441 1411 Aata'aac

71 1425 379 1490 πατροφόνως.
415 1450 464 1456 -
491 1426 588 1470 Iam
616 1426 655 1469 si
682 1425 952 1469 sententiam
980 1424 1214 1480 respicias,
1253 1437 1349 1468 cum
1377 1425 1425 1468 in
1453 1425 1636 1481 stropha
1671 1425 1718 1470 in
1747 1425 2025 1471 Discordiam
2053 1426 2184 1482 culpa
2212 1426 2439 1472 translata

73 1495 157 1550 sit,
195 1494 377 1551 vulgari
416 1493 622 1538 intuendi
659 1507 731 1538 res
769 1493 966 1549 ratione,
1004 1506 1091 1548 qua
1128 1505 1216 1538 non
1259 1491 1470 1538 videntur
1503 1493 1591 1538 nisi
1627 1505 1742 1548 quae
1783 1496 1890 1538 ante
1918 1493 2054 1549 pedes
2082 1496 2206 1548 suut,
2242 1493 2290 1539 in
2319 1493 2435 1539 anti-

70 1562 254 1617 stropha
292 1562 543 1606 accuratius
580 1566 632 1606 ut
669 1562 736 1606 ita
774 1561 938 1617 dicam,
976 1561 1141 1617 agitur.
1197 1560 1253 1605 In
1294 1559 1415 1615 ipsas
1442 1573 1515 1605 res
1542 1564 1826 1616 penetratum
1871 1561 2101 1615 quaeritur
2129 1565 2176 1605 et
2205 1561 2435 1618 detegitur

70 1642 180 1675 vera
219 1629 306 1674 fati
347 1629 517 1675 funesti
555 1629 693 1686 origo.
750 1629 847 1674 Non
877 1629 993 1673 enim
1022 1628 1257 1673 Discordia
1288 1628 1335 1672 in
1364 1628 1495 1683 culpa
1523 1628 1631 1684 fuit,
1669 1628 1757 1672 fnit
1784 1629 1932 1683 potius
1961 1625 2126 1690 μίασμα
2152 1629 2287 1683 illud,
2327 1630 2443 1683 quod

73 1700 181 1741 tunc
209 1698 256 1741 in
285 1698 400 1741 filios
429 1697 590 1752 erupit,
617 1701 891 1740 contractum
919 1710 1026 1741 vero
1055 1697 1206 1741 fuerat
1234 1697 1338 1741 olim
1369 1710 1397 1740 a
1424 1700 1555 1751 patre
1572 1696 1809 1751 patricida.
1852 1697 2005 1750 Neque
2019 1697 2159 1753 igitur
2173 1697 2221 1741 in
2236 1697 2440 1742 Iocastae

73 1764 341 1808 mentionem
371 1765 574 1808 desinere
612 1769 761 1820 potest
787 1766 1031 1819 sententia,
1059 1765 1175 1809 sicut
1213 1769 1282 1810 est
1310 1765 1357 1809 iu
1385 1764 1527 1820 libris,
1565 1777 1708 1819 neque
1736 1764 1783 1808 in
1811 1764 2021 1820 filiorum,
2059 1764 2174 1810 sicut
2201 1764 2440 1810 voluerunt

70 1832 163 1887 alii,
204 1832 283 1876 sed
311 1832 359 1876 in
388 1832 527 1888 ipsius
555 1832 702 1888 potius
731 1832 992 1888 Oedipodis,
1030 1837 1081 1876 ut
1108 1832 1160 1877 fit
1190 1845 1244 1877 ea
1270 1846 1402 1887 quam
1430 1831 1681 1877 addidimus
1710 1831 1922 1876 clausula.
1979 1832 2054 1876 Ita
2082 1832 2254 1877 demum
2297 1833 2354 1876 ab
2383 1832 2439 1877 iis

70 1901 145 1954 qni
173 1901 363 1945 audiunt
390 1904 470 1944 aut
497 1901 656 1957 legunt
683 1900 813 1944 simul
843 1913 939 1944 cum
968 1900 1137 1945 ultimis
1164 1900 1314 1946 verbis
1342 1900 1500 1945 ultima
1528 1912 1698 1955 quoque
1724 1911 1858 1944 causa
1885 1899 2098 1944 malorum
2127 1899 2366 1945 tenebitur.

216 1967 532 2013 Huiuscemodi
559 1972 680 2013 certe
718 1967 966 2013 rationibus
995 1968 1128 2025 longe
1165 1968 1295 2013 abest
1322 1972 1373 2013 ut
1416 1967 1596 2012 defendi
1635 1979 1763 2023 posse
1792 1970 1944 2023 putem
1982 1968 2276 2013 coniecturam
2323 1981 2438 2024 quae

68 2034 130 2080 sit
155 2035 288 2081 mala.
332 2034 420 2081 Sed
448 2035 488 2080 si
515 2048 595 2092 per
622 2048 671 2080 se
697 2035 758 2080 sit
785 2035 1042 2092 probabilis,
1079 2036 1215 2081 etiam
1253 2036 1377 2080 illinc
1416 2036 1458 2080 ei
1494 2035 1826 2091 probabilitatis
1864 2037 2140 2090 aliquantum
2180 2048 2432 2080 accrescere

74 2115 159 2159 par
188 2107 258 2149 est
284 2102 656 2158 verisimiliusque
683 2102 780 2147 fieri
810 2103 1004 2148 arbitror
1033 2105 1412 2160 complementum,
1440 2104 1555 2158 quod
1581 2104 1786 2147 lacunam
1806 2105 1989 2159 explens
2020 2104 2199 2147 aliunde
2214 2104 2438 2160 cognitam

72 2172 202 2217 simul
219 2171 584 2227 aequabilitatem
612 2185 641 2215 a
669 2171 822 2226 primis
850 2172 1004 2215 statim
1020 2174 1223 2217 versibus
1251 2173 1504 2216 inchoatam
1532 2175 1667 2225 atque
1686 2185 1767 2225 per
1795 2175 1935 2215 totum
1952 2184 2140 2225 carmen,
2169 2173 2219 2214 ut
2233 2170 2437 2226 vidimus,

72 2239 377 2286 continuatam
405 2239 452 2283 in
481 2239 652 2283 ultimis
681 2240 884 2283 versibus
914 2240 1028 2283 bene
1054 2239 1448 2294 significanterque
1477 2238 1686 2283 absolvit.

1102 2445 1396 2452 ——————-—

224 2603 331 2649 Sero
358 2604 454 2650 vidi
482 2604 619 2650 etiam
646 2603 701 2650 R.
730 2603 907 2650 Schenk
936 2604 982 2648 in
1011 2617 1158 2661 progr.
1187 2604 1301 2648 Neu·
1285 2603 1448 2659 ·Rupp.
1478 2615 1518 2646 a.
1552 2604 1656 2643 1879
1686 2601 1922 2664 σιναίμοαος
1958 2600 2003 2644 in
2044 2598 2242 2661 ‹rv'mqaov
2277 2618 2325 2652 ος
2354 2599 2441 2644 dis-

75 2671 285 2716 iunxisse.
343 2673 431 2718 Sed
458 2673 574 2717 sicut
602 2674 740 2718 ceteri
768 2673 815 2717 in
844 2673 899 2717 iis
927 2686 1040 2727 quae
1068 2673 1294 2728 proponit:
1324 2688 1452 2733 ματρι
1478 2670 1677 2732 λόχευμα,
1704 2670 1864 2732 μίασμα
1891 2670 2065 2728 πατροᾍς
2093 2668 2171 2712 ‹rv'v
2201 2666 2206 2715 Ι
2239 2686 2363 2730 αιμον
2392 2689 2440 2722 ος

73 2756 128 2793 εις
156 2737 278 2800 λέχος
306 2732 447 2806 ηλθεν
475 2741 532 2786 ab
561 2741 729 2787 ultimis
757 2741 969 2786 librorum
998 2741 1147 2785 verbis
1175 2743 1227 2784 ut
1254 2751 1283 2783 a
1310 2751 1421 2785 vera
1449 2738 1649 2783 clausula
1677 2738 1977 2794 proficiscitur,
2015 2736 2132 2781 unde
2159 2736 2223 2792 fit,
2263 2740 2315 2781 ut
2343 2737 2440 2792 ipse

71 2820 242 2863 quoque
270 2803 430 2855 vitium
458 2809 505 2855 in
534 2810 674 2855 verba
702 2808 901 2865 proxima
930 2810 1015 2853 ουδ
1047 2812 1085 2852 οἱ
1113 2808 1166 2871 μὴ
1194 2808 1360 2871 νόμιμοι
1387 2809 1542 2860 παιδες
1572 2807 1740 2860 reiciat,
1782 2818 1893 2859 quae
1922 2804 2061 2849 verba
2089 2803 2201 2848 adeo
2231 2808 2442 2860 corrupta

73 2878 209 2929 atque
234 2876 447 2922 lacunosa
473 2891 572 2922 esse
600 2881 764 2932 censet,
790 2881 842 2922 ut
862 2889 1111 2932 „nunquam
1131 2889 1204 2920 cei
1206 2879 1298 2920 tam
1321 2875 1538 2919 medelam
1558 2873 1803 2918 admissura
1824 2872 1954 2916 sint“.
2012 2870 2139 2925 Quod
2160 2871 2200 2915 si
2222 2871 2288 2916 ita
2310 2875 2442 2925 esset,

73 2940 354 2989 intercidisse
391 2945 636 3001 putandum
673 2948 792 2990 esset
828 2957 941 3000 quae
979 2949 1026 2988 et
1064 2944 1248 2988 turbata
1284 2947 1429 2988 metra
1468 2944 1766 2996 exaequarent
1809 2943 1855 2983 et
1891 2939 2031 2983 verba
2070 2936 2198 3001 ματρὶ
2234 2939 2442 3001 λόχευμα,

74 3010 235 3072 μίασμα
261 3011 437 3074 πατρός,
464 3025 577 3067 quae
604 3023 721 3057 nunc
748 3011 936 3067 quidem,
964 3016 1015 3057 ut
1034 3012 1238 3068 vidimus,
1266 3012 1453 3056 ferenda
1470 3023 1557 3055 non
1575 3012 1692 3063 sunt,
1721 3006 2023 3051 tolerabiliora
2037 3007 2292 3051 redderent.
2352 3008 2440 3052 Sed

74 3089 125 3121 eo
153 3078 227 3122 vel
256 3079 446 3125 maxime
474 3078 709 3125 Schenckii
737 3078 991 3124 coniectura
1018 3080 1160 3134 cadet,
1189 3078 1304 3134 quod
1331 3077 1578 3123 Hermanni
1599 3076 1800 3130 fortasse,
1830 3074 1953 3118 cuius
1973 3074 2274 3119 coniecturam
2304 3088 2441 3131 supra

75 3145 227 3202 attuli,
262 3146 574 3192 auctoritatem
612 3150 790 3191 secutus
827 3160 937 3192 sane
975 3160 1104 3203 quam
1141 3159 1325 3205 gravem
1351 3146 1409 3195 ‚in
1445 3145 1631 3189 mediam
1670 3143 1895 3197 periodum
1934 3142 2203 3199 dactylicam
2231 3144 2442 3200 neglecta
