2593 3663
1243 94 1310 161 ‘vi

77 257 246 303 videat.
276 282 331 288 —
359 256 679 316 Μωνυχόπωλος
718 269 825 301 vero
866 255 1209 310 „Eilhuf-Ross“
1249 254 1443 300 conferri
1477 258 1629 311 potest
1656 266 1754 299 cum
1782 251 2066 317 μονόχιππος,
2109 245 2226 309 quod
2263 245 2470 312 agnoscit

80 325 332 380 Hesychius
352 337 387 368 s.
407 338 449 368 v.
470 324 679 367 τανιέποδε
694 323 944 378 (τανιίποδε·
964 323 1259 383 μωνιέχιπποι),
1289 322 1377 366 nisi
1398 323 1513 377 quod
1532 322 1865 366 substantivum
1893 323 2007 367 illud
2035 326 2106 367 est
2132 324 2182 366 et
2208 321 2326 367 idem
2354 324 2472 377 quod

78 391 215 454 μῶττξ
244 394 395 444 πῶλος.
456 392 583 447 Quod
612 391 942 447 compositionis
978 402 1121 447 genus
1150 415 1205 421 —-
1235 390 1630 435 determinativum
1665 390 1869 446 appellat
1900 389 2082 435 Curtius
2117 401 2186 446 gr.
2220 402 2289 446 gr.
2319 389 2344 446 ξ
2388 392 2470 433 359

78 463 125 503 et
142 460 316 503 Erlaut.
340 473 382 514 p.
404 462 480 500 149
505 484 558 490 —
580 464 631 503 ut
647 463 716 503 est
731 459 878 502 rarius
907 458 1020 501 illud
1043 457 1160 511 aliis,
1188 458 1255 501 ita
1269 457 1450 502 minime
1470 461 1620 502 tamen
1643 457 1899 514 ambiguum
1914 461 1999 502 est.
2056 456 2270 502 Eiusdem
2289 458 2469 514 generis

76 531 183 572 sunt.
211 526 440 588 ἀκρόπολις
471 542 530 567 :-
557 523 670 588 οἷκρα
696 526 836 578 πόλις,
864 521 1082 588 ὠμογέρων,
1112 521 1341 587 μονογέρων,
1370 525 1582 588 parda-mg,
1610 524 1883 587 ψευδοκῆρυξ,
1912 525 2019 570 alia.

226 594 296 638 De
344 594 591 651 hyperbato
639 593 833 651 α’ψαλίων
878 593 1156 655 τετραβάμοσι
1203 592 1516 655 μωνυχοπώλων
1559 619 1614 626 —-
1658 591 1869 638 ίππείαισι
1914 593 1994 638 vix
2036 595 2107 637 est
2150 591 2267 646 quod
2312 592 2469 636 dicam.

77 662 406 716 Saepenumero
435 662 500 706 sic
529 662 638 706 bina
665 662 869 705 binorum
899 662 1192 706 membrorum
1221 661 1363 706 verba
1402 661 1469 706 ita
1497 661 1876 716 internectuntur,
1914 663 1967 705 ιιι
2008 658 2226 705 formulae
2264 671 2293 703 a
2320 659 2350 703 b
2381 672 2410 705 a
2436 659 2467 704 b

76 728 255 772 ratione
283 728 405 773 inter
432 742 531 774 sese
560 730 802 785 excipiant.

226 796 376 840 Minus
412 797 606 842 fortasse
645 798 907 853 probabitur
946 795 1048 839 huic
1086 795 1214 840 illive
1250 792 1297 853 γε’
1324 796 1549 851 particula
1584 800 1688 851 post
1716 795 1920 858 Ἰσμηνοΐ.
1979 795 2079 850 Qua
2106 793 2313 849 qnoniam
2343 794 2470 839 abuti

75 864 286 908 solebant
327 870 465 909 antea
503 867 579 919 qui
608 879 700 909 rem
739 866 940 908 criticam
976 864 1270 918 factitabant,
1306 876 1425 907 nunc
1453 864 1573 908 haud
1602 877 1698 908 sum
1727 863 1903 909 nescius
1932 875 2031 909 eam
2057 860 2353 921 suspicionem
2389 861 2471 909 ali-

78 944 210 987 quam
240 931 428 988 habere,
467 932 505 978 si
536 948 623 987 qua
652 933 908 977 coniectura
936 933 1176 977 inseratur.
1234 934 1390 977 Facile
1418 938 1540 977 certe
1576 935 1727 977 fuerat
1764 947 1862 978 eam
1890 934 2058 988 vitare,
2095 932 2135 976 si
2162 929 2264 974 ποτὶ
2290 930 2471 994 χεύμασι

77 1004 212 1057 poeta
239 1001 495 1057 scripsisset
523 1001 597 1047 vel
635 1000 752 1062 napa*
783 1000 970 1062 >cm-'grana
1031 1002 1120 1046 Sed
1161 1015 1215 1046 ea
1250 1002 1292 1045 h.
1332 1003 1361 1046 1.
1401 1003 1651 1056 particulae
1687 1004 1758 1047 vis
1797 1008 1933 1056 atque
1970 1002 2241 1056 significatio
2277 1006 2369 1055 est,
2406 1005 2469 1055 ut,

75 1070 445 1123 quemadmodum
474 1069 540 1114 ait
556 1070 611 1114 G.
626 1070 910 1114 Hermannus
933 1069 998 1114 ad
1014 1069 1114 1124 vig.
1144 1082 1186 1124 p.
1217 1071 1299 1111 822
1332 1068 1404 1123 „id
1432 1069 1549 1123 quod
1579 1068 1819 1114 maximum
1848 1071 1942 1113 est“
1972 1069 2283 1124 significanter
2311 1068 2469 1111 distin-

73 1141 198 1191 guat.
259 1137 382 1180 Idem
423 1137 519 1180 fere
557 1136 683 1180 valet
722 1140 858 1190 atque
898 1140 1100 1181 nostrum
1144 1136 1361 1193 „gerade“
1403 1137 1477 1182 vel
1509 1138 1658 1194 „gar“‚
1688 1136 1877 1183 latinum
1910 1136 2050 1192 „vel“,
2082 1135 2259 1191 „ade0“.
2317 1136 2468 1191 Equos

75 1204 230 1258 igitur,
260 1205 406 1257 inquit
436 1206 607 1257 choruS,
637 1205 786 1258 agitat
814 1205 936 1246 Mars
965 1205 1219 1257 bellumque
1249 1209 1402 1259 parat,
1439 1217 1528 1248 non
1558 1205 1711 1259 procul
1740 1218 1768 1249 a
1796 1204 1924 1248 nobis
1963 1204 2043 1248 sed
2072 1204 2130 1248 ad
2160 1203 2326 1247 Ismeni
2355 1202 2467 1247 adeo

72 1271 209 1323 ripas,
266 1271 339 1313 Ad
368 1271 595 1325 regionem
626 1270 723 1324 ille,
770 1271 827 1313 ad
857 1271 999 1326 ipsum
1029 1272 1171 1317 locum
1201 1271 1330 1327 quasi
1359 1271 1550 1329 digitum
1579 1271 1798 1327 intendit,
1838 1271 1943 1326 quia
1971 1271 2018 1316 in
2048 1271 2126 1316 illo
2154 1283 2243 1315 non
2280 1283 2469 1325 parvum

73 1344 341 1381 momentum
384 1338 593 1381 vertitur.
661 1339 814 1392 Neque
858 1339 974 1382 enim
1015 1343 1190 1384 tantum
1233 1340 1391 1384 chorus
1429 1343 1775 1395 conquereretur
1819 1339 1981 1385 Martis
2023 1339 2206 1384 diversa
2233 1351 2262 1383 a
2290 1338 2464 1384 Baccho

72 1406 236 1459 studia,
264 1407 352 1448 nisi
382 1419 432 1448 eo
463 1407 574 1448 adeo
604 1407 698 1448 loco
729 1419 777 1448 se
807 1407 999 1450 iactaret
1029 1408 1150 1461 deuS,
1180 1408 1256 1451 ubi
1285 1409 1486 1452 Bacchus
1515 1407 1663 1463 potius
1694 1419 1888 1465 regnare
1918 1407 2121 1452 debebat.
2179 1406 2278 1452 Non
2308 1405 2470 1452 desunt

73 1474 201 1518 huius
231 1487 336 1518 usus
366 1475 583 1528 exempla.
628 1474 699 1517 Ex
728 1474 797 1527 iis,
827 1488 941 1527 quae
973 1481 1018 1518 et
1049 1477 1103 1519 G.
1129 1478 1414 1520 Hei-mannus
1444 1476 1704 1531 suppeditat
1732 1476 1762 1519 l.
1789 1476 1820 1520 l.
1851 1479 1898 1519 et
1921 1477 1975 1520 R.
1998 1477 2221 1520 Porsonus
2249 1475 2296 1520 in
2325 1475 2468 1531 praef.

72 1542 181 1586 Hec.
211 1556 253 1596 p.
284 1542 527 1595 XXXVII,
557 1542 766 1584 attulisse
795 1543 907 1585 satis
938 1544 1025 1586 erit
1055 1545 1162 1586 Eur.
1193 1545 1345 1598 Suppl.
1379 1548 1458 1584 160
1495 1545 1561 1587 To*
1599 1539 1642 1587 δὲ
1680 1539 1822 1595 πλέον,
1851 1533 1991 1598 τῖλθον
2020 1541 2258 1607 Ἀμφιάρεώ
2294 1558 2336 1601 7⁸
2365 1541 2467 1605 πρός

72 1607 177 1668 βίαν.
238 1609 346 1654 Hec.
383 1612 461 1650 831
504 1607 652 1671 φίλους
691 1606 880 1661 τιθέντες
921 1610 1017 1661 τοι-’ς
1058 1630 1098 1667 γε
1137 1611 1486 1671 πολεμιωτάτους.
1546 1612 1686 1654 Arist.
1725 1612 1838 1654 Nub.
1883 1614 1965 1650 399
2008 1624 2101 1665 sqq.
2145 1611 2322 1655 Similes
2363 1614 2470 1654 sunt

75 1677 192 1721 Phil.
225 1676 311 1731 (ed.
342 1676 638 1731 Schneidew.)
666 1689 708 1720 v.
738 1679 819 1718 438
849 1675 942 1720 κατ’
971 1676 1083 1721 αὐτῶ
1113 1678 1247 1721 τοῦτο’
1287 1696 1328 1736 γε
1358 1682 1404 1722 et
1448 1682 1528 1719 648
1568 1683 1615 1722 et
1649 1681 1767 1732 1037,
1803 1682 1851 1722 et
1878 1679 1951 1722 El.
1981 1682 2077 1733 612,
2114 1682 2162 1722 et
2189 1678 2355 1722 Phoen.
2386 1680 2466 1718 602

72 1743 146 1788 καί
183 1760 228 1786 σε
257 1743 450 1805 δεύτερόν
485 1744 520 1803 γ’
555 1744 739 1796 ἀπαιτῶ,
769 1748 816 1789 et
844 1745 979 1789 Rhes.
1011 1749 1090 1786 5⁴25
1121 1742 1203 1798 οἰνῖνς
1231 1743 1408 1804 γίγνεται
1436 1743 1511 1789 καί
1536 1763 1598 1797 τις
1628 1741 1864 1807 προδρόμων
1892 1743 1966 1789 ὅΙδε
1995 1745 2030 1804 γ’
2060 1742 2175 1789 ἐστὶν
2203 1744 2355 1807 α’στῆρ.

224 1812 547 1857 Substituendo
576 1809 622 1871 γε’
650 1813 787 1857 etiam
825 1812 1042 1858 orationis
1081 1813 1251 1858 formae
1287 1816 1420 1870 grate
1453 1813 1734 1858 subvenitur.
1790 1814 2020 1859 Habemus
2058 1814 2176 1858 enim
2213 1813 2303 1858 iam
2340 1813 2467 1857 illam

76 1894 209 1934 quam
249 1892 385 1934 supra
421 1880 787 1923 desiderabamus
826 1880 1197 1933 aequabilitatem
1235 1880 1353 1925 binis
1390 1880 1597 1925 binarum
1634 1880 1914 1936 periodorum
1954 1880 2160 1926 membris
2198 1893 2467 1936 expressam,

76 1948 304 2002 negativis
344 1947 582 1999 utrobique
620 1952 667 1990 et
705 1947 1017 2000 affirmativiS‚
1055 1948 1214 2000 quibus
1258 1948 1444 1991 totidem
1485 1948 1624 1991 verba
1652 1948 1784 1991 finita
1811 1948 2048 1993 subiuncta
2076 1952 2202 2003 sunt,
2243 1943 2383 2011 μέλη-η
2414 1971 2469 1978 -

74 2013 329 2077 προχορεύεις
360 2040 415 2046 —
444 2014 611 2067 δινευέις
642 2040 697 2046 -
725 2013 900 2067 θοάζεις.
961 2014 1192 2058 Particula
1233 2013 1366 2067 οίλλοί,
1395 2027 1492 2059 cum
1522 2028 1639 2059 nunc
1675 2028 1802 2060 suum
1829 2016 2008 2070 utrique
2049 2017 2244 2061 membro
2281 2001 2466 2061 verbum

75 2085 154 2137 sit,
197 2084 332 2127 facile
361 2084 676 2138 supersedeas;
721 2095 852 2136 quam
890 2094 948 2124 ne
986 2082 1084 2136 quis
1123 2083 1256 2126 metri
1295 2095 1429 2127 causa
1468 2082 1751 2128 inserendam
1790 2086 1919 2138 putet
1956 2086 2057 2139 post
2086 2081 2272 2136 δινεῦεις,
2310 2095 2468 2129 versus

75 2153 334 2195 hexameter
365 2156 636 2206 syncopatus
667 2156 748 2203 est,
779 2163 908 2203 quem
939 2151 1075 2192 etiam
1105 2151 1255 2193 Christ
1284 2150 1489 2206 agnoscit
1517 2151 1622 2194 Mtr.
1648 2163 1690 2205 p.
1706 2153 1773 2204 47,
1803 2154 2066 2205 tantumque
2095 2152 2237 2207 abest,
2265 2154 2317 2195 ut
2345 2145 2468 2195 α’λλοί

75 2219 300 2275 particula
329 2219 538 2263 addenda
569 2217 795 2262 emendari
813 2220 1001 2260 metrum
1032 2221 1196 2271 putem,
1226 2221 1276 2260 ut
1292 2218 1512 2272 corrumpi
1541 2232 1595 2262 ea
1623 2218 1833 2262 videatur
1862 2223 1908 2261 et
1922 2218 2146 2273 singulari
2174 2230 2254 2261 suo
2284 2230 2467 2261 numero

74 2285 260 2342 privari.
321 2287 414 2329 Aut
444 2284 561 2329 enim
592 2284 749 2337 fallor,
778 2286 857 2327 aut
886 2283 1051 2327 ictuum
1081 2297 1318 2328 concursus
1348 2282 1539 2340 (δίνευἐις
1567 2302 1625 2326 =
1654 2282 1875 2343 χαλαίσιν)
1912 2284 2122 2339 vocisque
2150 2288 2202 2329 ut
2228 2285 2296 2329 ita
2323 2285 2468 2329 dicam

74 2353 309 2406 ἀνάκλασις
339 2354 494 2397 iuncta
522 2353 716 2397 fortasse
745 2351 849 2395 olim
879 2365 976 2395 cum
1006 2351 1126 2395 chori
1156 2356 1277 2396 motu
1306 2353 1570 2409 retrogrado
1599 2352 1813 2408 Sphingis
1842 2356 1890 2397 et
1907 2353 2196 2408 Baccharum,
2224 2353 2281 2396 de
2308 2353 2467 2407 quibus

74 2422 144 2466 his
174 2422 378 2466 versibus
409 2421 580 2477 agitur,
619 2424 784 2464 motum
814 2423 950 2473 atque
980 2418 1195 2474 impetum
1233 2419 1487 2476 imitantur,
1525 2425 1575 2464 ut
1612 2432 1710 2464 cum
1748 2423 1961 2477 ageretur
1999 2419 2155 2465 fabula.
2191 2423 2467 2476 spectatores

74 2503 257 2536 cernere
285 2490 562 2545 viderentur,
600 2490 672 2534 hic
701 2494 751 2534 ut
777 2488 954 2533 Baccha
982 2488 1028 2533 in
1058 2488 1267 2532 saltando
1296 2489 1445 2533 subito
1475 2488 1747 2544 deflecteret,
1775 2487 1870 2532 illic
1887 2487 2061 2550 Sphinx
2087 2491 2271 2544 arrepta
2298 2488 2469 2544 praeda

79 2563 200 2604 retro
229 2572 383 2604 rursus
412 2558 622 2603 ferretur.

222 2628 476 2681 Antequam
514 2625 647 2669 finem
687 2624 904 2669 faciamus
947 2625 1049 2669 huic
1087 2626 1402 2681 disputationi,
1441 2625 1707 2671 scholiastas
1744 2624 1906 2669 iterum
1943 2623 2137 2668 strictim
2174 2623 2466 2681 attingamus,

73 2706 181 2748 quos
211 2693 327 2737 sicut
355 2693 493 2737 libros
523 2706 578 2737 m.
607 2692 797 2748 scriptos
828 2692 874 2736 in
905 2690 1064 2748 ψαλίων
1092 2694 1307 2750 genetivo
1348 2693 1443 2738 fere
1483 2693 1735 2738 consentire
1770 2692 1976 2738 diximus.
2033 2692 2219 2749 Insigne
2249 2695 2320 2738 est
2346 2692 2467 2737 inter

74 2775 149 2805 eos
191 2761 460 2804 scholiastae
488 2760 708 2804 Marciani
743 2760 907 2803 codicis
946 2763 1260 2806 testimonium.
1322 2761 1496 2807 Ψαλίων
1532 2763 1648 2807 enim
1686 2763 1826 2806 ἵππων
1862 2761 2119 2818 siguificare
2156 2762 2224 2806 ait
2260 2762 2376 2823 παραὶ
2412 2760 2465 2804 to*

72 2830 247 2881 ψᾶσθαι
256 2829 289 2882 ¹)
305 2827 460 2878 αὐτοῦς
478 2826 576 2869 λίαν
591 2847 612 2881 η
620 2844 684 2869 τοι
699 2827 1009 2871 neocaesareae
1025 2843 1032 2850 ·
1052 2831 1108 2895 τῇ
1123 2830 1200 2891 γάρ
1215 2829 1359 2896 ἐπαφῇ
1377 2838 1461 2874 τῶν
1479 2832 1625 2891 χειρῶν
1637 2834 1674 2874 οἱ.
1687 2830 1810 2873 ἵπποι
1820 2829 1982 2888 συχνός
1993 2826 2281 2890 καταψόμενοι
2290 2824 2467 2872 τιθασοὶ

71 2893 170 2939 λιάν
189 2893 406 2953 γίγνονται,
436 2890 548 2937 ὥστε
570 2895 599 2948 †
621 2890 714 2937 ‹vi-‘n
732 2896 810 2956 χρή
832 2897 883 2951 δή
906 2893 1107 2957 λέγεσθαι
1128 2900 1279 2956 ψάλιον
1301 2901 1377 2945 τόν
1400 2902 1540 2946 ἵππον.
1600 2895 1861 2964 Διαφέρσιισι
1882 2893 1925 2943 δὲ
1948 2902 1995 2943 αἱ
2014 2894 2145 2952 λέξεις
2167 2903 2193 2955 η’
2216 2897 2364 2956 ψάλιος
2391 2895 2466 2943 καὶ

70 2965 123 3008 ro*
153 2960 353 3021 ψέλλιον·
371 2961 558 3026 σημαίνει
580 2963 658 3024 γάρ
681 2968 706 3019 η’
733 2960 804 3026 μὲν
834 2966 885 3007 ‘ro'
915 2969 1235 3031 τιΞαοἙτόμενος
1266 2971 1406 3023 ίι’τττιτος,
1434 2975 1459 3025 ἠ
1495 2965 1541 3013 δέ
1559 2975 1645 3012 πᾶν
1673 2969 1725 3012 ‘ro'
1753 2964 2041 3028 ἐπιτιθέμενον
2069 2968 2211 3019 ἵπποις
2228 2975 2281 3020 εἰς
2309 2967 2465 3029 κόσμον

68 3031 142 3077 καὶ
172 3032 393 3094 δυνάμενον
420 3035 484 3099 rs?
512 3033 672 3089 κινήσει
701 3035 934 3096 ψελλισμάν
961 3061 1015 3067 -
1042 3037 1274 3081 ἀποτελεῖν.
1307 3063 1360 3068 -
1390 3039 1487 3082 Hoc
1515 3037 1715 3082 scholion
1734 3035 2002 3081 novissimus
2023 3035 2289 3080 scholiorum
2318 3034 2466 3080 editor

215 3194 244 3239 ¹)
269 3193 354 3230 libri
384 3182 631 3240 ψαυέσθαις
658 3202 750 3230 corr.
778 3193 937 3231 Miinzel.
