2593 3663
1252 42 1365 110 {nv

264 203 361 251 Iam
389 219 498 250 vero
526 206 638 249 haec
665 204 826 249 verba:
855 203 983 265 κόμαι
1012 197 1085 264 μὲν
1112 206 1168 255 ὥς
1196 197 1386 266 ἔλαμπον
1415 203 1606 266 αἰμόδεις
1622 206 1793 260 ψ-ί)
1820 204 1895 250 vel
1933 208 2116 260 propter
2143 196 2217 268 μέν
2240 208 2292 251 'et
2318 195 2364 250 δέ
2393 219 2494 262 pat·

117 272 278 318 ticulas
309 277 408 318 arte
436 272 545 318 mihi
573 273 810 317 cohaerere
834 283 1093 327 persuasum
1119 274 1219 315 erat
1242 283 1340 316 cum
1366 283 1500 317 versu
1520 272 1740 328 proximo:
1768 280 1894 334 χεῖρες
1922 266 1967 318 δὲ
1995 269 2072 318 καὶ
2098 275 2199 319 κῶλ’
2226 276 2283 327 εἷς
2309 272 2494 337 κύκλωμ’

113 338 281 392 Ἰξίονος
318 337 532 392 εἱλίσσετ’,
573 339 725 383 ambos
755 343 904 383 autem
933 351 1090 383 versus
1118 338 1376 384 subiunctos
1405 351 1504 384 esse
1530 340 1664 384 rebar
1691 341 1829 385 verbo
1857 339 1993 386 alicui
2020 339 2205 386 videndi
2227 353 2494 398 cognoscen-

112 407 229 462 dive‚
267 420 351 463 quo
380 411 436 461 ιός
464 406 715 453 coniunctio
744 411 991 464 regeretur,
1020 406 1152 461 idque
1179 405 1365 452 verbum
1393 406 1537 453 latere
1565 407 1875 456 existimabam
1912 408 1959 456 in
1997 407 2054 455 iis
2091 420 2207 465 quae
2237 413 2346 456 sunt
2369 406 2490 470 χωρὶς

111 475 313 531 «flamm
342 472 460 538 μέλη,
486 474 638 520 verbis
665 475 773 518 item
803 474 1148 530 corruptissimis
1185 477 1232 518 et
1259 474 1382 520 nullo
1418 474 1545 519 modo
1574 475 1926 531 explicabilibus.
1982 477 2137 534 Neque
2163 477 2333 524 diutius
2358 491 2492 534 quae·

113 548 286 587 rentem
326 544 511 587 verbum
549 542 662 586 illud
699 541 879 586 fefellit.
936 543 990 586 In
1029 557 1157 604 χωρισ
1193 541 1434 598 recognovi
1466 541 1630 601 yvo'pm'
1666 543 1764 588 sive
1800 542 2001 608 bym'qcoa
2037 544 2067 590 i.
2100 557 2141 590 e.
2170 546 2410 604 „eognovi“
2441 551 2490 594 et

110 613 228 656 sicut
270 613 317 656 in
356 625 400 655 v.
442 615 521 652 142
558 624 608 654 se
646 611 908 666 cognovisse
945 611 1099 654 aiebat
1139 610 1427 666 paedagogus
1467 623 1564 654 cum
1605 611 1796 655 vidisset
1837 613 1990 675 (σημεῖ’
2033 609 2130 657 ὁδὸν
2169 613 2260 657 τότ’
2302 612 2491 659 ἀσπίδων

114 679 343 741 §qve-ieram),
371 680 438 724 sic
465 679 548 723 hoc
575 679 752 733 quidem
782 679 877 722 loco
905 679 1089 723 nuntius
1119 678 1266 722 dicere
1295 678 1535 723 videbatur
1562 691 1611 723 se
1639 680 1902 734 cognovisse
1930 694 2037 735 rem,
2065 686 2126 736 at,
2155 682 2261 736 qnia
2289 683 2488 728 fulminis

111 747 347 793 celeritate
374 745 608 802 agebatur,
636 745 715 790 vix
743 744 983 799 videntem,
1011 745 1053 789 h.
1083 758 1120 790 e.

1427 809 1473 856 ὲκ
1503 806 1547 856 δὲ
1575 811 1796 874 κλιμάκων

781 882 887 922 1190
912 878 1188 940 ὲσφενδονᾶτ’·
1215 879 1409 941 indeed,
1437 880 1538 925 ἀλλ’
1567 877 1662 925 'cdliv
1690 880 1823 943 μόλις,

915 947 1046 1009 κόμαι
1077 942 1149 1009 μὲν
1175 951 1231 1000 ὥς
1260 945 1449 1010 ἔλαμπον
1477 948 1672 1011 αἱμόδεις
1700 968 1755 986 ψ
1783 974 1850 1002 -,

916 1023 1045 1074 χεῖρες
1075 1011 1119 1057 δὲ
1147 1014 1222 1058 καὶ
1250 1016 1352 1058 κῶλ’
1381 1020 1435 1069 τός
1463 1016 1648 1081 κύκλωμ’
1679 1015 1845 1070 Ἰξίονος

917 1083 1128 1126 εἱλίσσετ’·
1159 1091 1214 1136 εἰς
1241 1087 1325 1143 γῆν
1351 1083 1565 1148 δ’ἒμπτιςος
1593 1083 1743 1129 πίπτει
1770 1085 1909 1148 νεκρός

114 1151 208 1195 Von
240 1153 319 1195 der
347 1151 502 1195 Leiter
530 1152 668 1194 hei-ab
700 1152 824 1194 ward
853 1165 902 1194 er
929 1153 1255 1207 geschleudert.
1312 1154 1391 1196 Ich
1422 1154 1662 1208 erkaunte,
1700 1155 1810 1197 doeh
1838 1156 1972 1197 kaum
2001 1167 2048 1197 es
2076 1154 2263 1209 sehend,
2299 1155 2384 1198 wie
2414 1155 2488 1198 die

110 1220 264 1264 Haare
292 1219 517 1264 flammten
547 1219 594 1264 in
623 1219 864 1263 blutrotem
894 1219 1068 1274 Scheiu,
1098 1220 1184 1265 wie
1211 1220 1332 1265 Arm’
1360 1221 1452 1266 und
1482 1221 1622 1266 Beine
1661 1222 1746 1267 wie
1774 1222 1851 1266 des
1884 1221 2012 1266 Ixion
2042 1220 2142 1265 Rad
2170 1221 2481 1267 umwirbelten

108 1287 199 1332 und
229 1287 479 1332 verbrannt
508 1287 588 1332 der
615 1287 858 1332 Leichnam
888 1299 967 1332 zur
996 1287 1117 1333 Erde
1145 1287 1233 1332 fiel.

255 1357 326 1400 En
356 1356 481 1413 origo
511 1361 558 1400 et
590 1356 835 1413 „genesis“,
863 1360 914 1400 ut
942 1356 1083 1406 aiunt,
1124 1357 1405 1401 coniecturae
1433 1361 1628 1415 nostrae,
1667 1358 1761 1403 late
1788 1357 1964 1413 quidem
1991 1357 2191 1414 patentis
2219 1381 2273 1388 —
2301 1357 2347 1402 iu
2377 1358 2486 1403 duos

106 1425 225 1467 enim
265 1437 422 1467 versus
459 1425 659 1478 pertinet
697 1429 741 1467 et
784 1426 882 1478 plus
922 1437 1008 1468 uno
1048 1426 1185 1468 verbo
1223 1426 1376 1481 tangit
1404 1449 1459 1455 —
1487 1427 1565 1469 sed
1605 1438 1719 1480 quae
1756 1426 2010 1470 sententiae
2040 1425 2294 1469 satisfaciat
2321 1430 2368 1470 et
2396 1438 2484 1470 non

105 1492 247 1536 solum
276 1492 459 1548 ingenio
487 1496 648 1546 poetae
675 1491 764 1535 vim
788 1505 875 1535 non
903 1492 1075 1546 afferat,
1103 1505 1258 1536 verum
1283 1493 1378 1537 eius
1403 1497 1503 1537 arte
1543 1505 1650 1538 vere
1689 1493 1828 1550 digna
1855 1506 1953 1539 esse
1982 1493 2203 1538 videatur.
2260 1493 2487 1549 Expressa

109 1560 196 1605 iam
226 1563 273 1604 et
302 1558 508 1604 absoluta
536 1558 709 1603 ruentis
738 1558 935 1614 Capanei
965 1558 1111 1616 imago
1142 1563 1229 1615 est,
1267 1564 1318 1605 ut
1357 1560 1454 1616 ipse
1491 1574 1704 1616 praesens
1733 1573 1916 1606 cernere
1949 1559 2165 1615 videmia,
2203 1564 2255 1605 ut
2281 1560 2487 1607 micuerit

108 1628 291 1683 fulmen,
320 1632 371 1672 ιιι
399 1626 744 1673 inflammaverit
772 1627 930 1677 crines,
975 1631 1026 1672 ut
1064 1628 1160 1683 ipse
1204 1632 1326 1673 retro
1369 1629 1583 1674 ceciderit
1624 1628 1912 1682 cadentisque
1950 1640 2106 1673 manus
2136 1631 2183 1672 et
2209 1627 2345 1683 pedes
2371 1628 2489 1674 sicut

106 1696 276 1740 Ixionis
305 1700 430 1740 rotae
459 1695 584 1740 infixi
614 1695 921 1740 circumvoluti
964 1695 1070 1739 sint.
1127 1696 1241 1740 Num
1285 1696 1366 1740 hoc
1394 1701 1549 1741 contra
1577 1701 1785 1740 naturam
1811 1696 1872 1740 sit
1895 1694 2160 1740 inflammari
2185 1695 2370 1750 capillos
2398 1695 2484 1741 ful-

101 1762 222 1808 mine
250 1763 422 1819 nescio3
460 1777 488 1808 a
516 1767 650 1820 poeta
678 1766 800 1806 certe
828 1776 916 1807 non
946 1762 1171 1807 abhorret.
1229 1763 1376 1808 Testis
1413 1768 1484 1808 est
1510 1763 1589 1809 ille
1627 1777 1755 1820 quem
1793 1777 1930 1821 supra
1958 1763 2094 1809 attuli
2122 1762 2273 1809 Ovidii
2301 1777 2478 1810 versus:

103 1834 167 1877 At
196 1833 430 1877 Phaethon
460 1832 618 1877 rutilos
648 1831 825 1875 flamma
852 1832 1097 1887 populante
1126 1831 1325 1887 capillos.
1382 1831 1564 1877 Rotatio
1603 1836 1751 1877 autem
1790 1831 2084 1877 membrorum
2121 1835 2173 1876 ut
2201 1831 2356 1888 inepta
2385 1836 2485 1877 erat

101 1906 250 1954 antea,
273 1902 339 1944 ita
360 1914 477 1944 nunc
498 1902 556 1943 ad
577 1901 918 1954 descriptionem
936 1900 1104 1954 optima
1133 1906 1203 1942 est
1231 1904 1278 1942 et
1306 1901 1364 1943 ad
1394 1901 1633 1943 veritatem
1661 1899 2083 1954 accomodatissima,
2111 1899 2217 1953 quia
2249 1911 2367 1942 nunc
2394 1913 2484 1944 una

102 1983 198 2013 cum
221 1969 317 2024 ipso
341 1982 524 2022 corpore
543 1968 741 2012 membra
761 1968 808 2011 in
831 1968 980 2011 orbem
996 1973 1275 2022 torquentur.
1304 1970 1468 2024 Inepta
1481 1974 1582 2013 erat
1594 1983 1680 2023 res,
1704 1969 1850 2022 quoad
1869 1968 2109 2012 secundum
2130 1981 2184 2011 ea
2203 1982 2317 2022 quae
2335 1970 2483 2013 trade-

99 2038 264 2082 bantur
281 2036 611 2091 quadripertita
636 2035 835 2080 membra
855 2036 1047 2091 abrupta
1068 2036 1115 2081 vi
1132 2036 1331 2081 fulminis
1351 2051 1380 2081 a
1399 2041 1556 2082 trunco
1576 2038 1661 2082 huc
1679 2036 1787 2081 illuc
1804 2049 1885 2090 per
1904 2048 2011 2080 aera
2030 2034 2245 2080 errabant
2264 2040 2311 2080 et
2331 2036 2483 2092 capilli

99 2108 145 2149 et
182 2105 368 2161 sanguis
397 2128 447 2136 —-
479 2118 582 2149 nam
622 2108 668 2149 et
696 2105 808 2149 haec
836 2104 1032 2149 membra
1061 2109 1192 2149 erant
1220 2131 1275 2137 -
1304 2109 1351 2150 et
1378 2119 1535 2150 manus
1564 2110 1611 2150 et
1638 2104 1792 2160 pedes,
1830 2103 2028 2159 lapidum
2056 2103 2203 2148 instar
2230 2102 2481 2164 missilium,

99 2180 150 2217 ut
179 2172 362 2217 mirifice
392 2173 719 2228 interpretatur
748 2172 916 2217 Kinkel
947 2172 993 2217 in
1023 2173 1092 2217 ed.
1113 2173 1278 2218 Phoen.
1310 2187 1351 2218 a.
1381 2177 1507 2218 1871:
1540 2174 1660 2228 „Das
1683 2171 2019 2218 sich-Loslosen
2044 2171 2135 2216 und
2153 2170 2481 2228 ‘Davonfliegen

103 2240 184 2286 der
213 2239 398 2287 Glieder
425 2240 538 2297 ging
566 2253 614 2285 so
643 2240 815 2286 schnell
853 2253 934 2286 vor
971 2241 1083 2297 sich,
1127 2242 1232 2288 dass
1269 2255 1372 2288 man
1403 2241 1792 2289 Schleudersteine
1828 2254 1883 2287 zu
1920 2240 2056 2287 seben
2093 2240 2297 2286 meinte.“
2355 2239 2482 2286 Haec

108 2311 230 2353 certe
261 2307 300 2353 si
329 2307 568 2362 quidquam
599 2308 723 2352 aliud
753 2308 948 2353 absurda
976 2308 1160 2354 fuerunt
1187 2313 1323 2364 atque
1350 2322 1438 2355 non
1467 2309 1668 2355 ferenda.

247 2375 336 2421 Sed
363 2376 519 2420 audire
547 2376 704 2421 videor
732 2376 807 2430 qui
835 2376 1069 2421 audaciam
1098 2378 1145 2422 in
1175 2378 1465 2423 coniectando
1493 2379 1770 2434 reprobrent‚
1799 2377 1875 2433 qui
1903 2376 2118 2421 hariolari
2145 2387 2225 2421 nos
2250 2375 2404 2421 dicant
2432 2379 2480 2422 et

97 2443 234 2487 missa
262 2447 386 2487 terra
414 2443 559 2488 solida
588 2448 772 2498 captare
793 2444 946 2487 nubes.
1005 2446 1162 2490 Dicam
1187 2445 1389 2498 equidem
1413 2446 1529 2499 quod
1552 2445 1711 2490 sentio.
1769 2445 1896 2500 Quod
1919 2445 1967 2489 in
1992 2456 2079 2488 uno
2104 2456 2239 2498 saepe
2262 2443 2479 2488 vocabulo

98 2509 276 2565 accidit,
304 2514 355 2554 ut
383 2510 679 2566 neglegenter
706 2509 922 2565 scriptum
950 2510 1125 2555 incuria
1152 2511 1329 2556 librarii
1356 2515 1437 2556 aut
1476 2525 1747 2557 evanescens
1785 2510 1952 2556 iniuria
1987 2513 2233 2566 temporum
2268 2509 2316 2554 in
2355 2512 2478 2556 tran·

96 2579 331 2624 scribendo
359 2579 701 2634 depravaretur,
742 2579 789 2622 id
818 2579 953 2623 etiam
983 2580 1030 2623 in
1059 2581 1356 2636 compluribus
1384 2581 1534 2625 verbis
1562 2581 1803 2635 continuis,
1840 2584 1892 2624 ut
1919 2579 2048 2635 alibi,
2088 2579 2156 2624 ita
2192 2579 2265 2624 hic
2303 2591 2476 2634 quoque

96 2646 302 2693 evenisse
332 2645 548 2691 existimo.
606 2646 698 2691 Nec
726 2651 876 2692 tamen
907 2647 1054 2693 omnia
1082 2648 1214 2693 simul
1243 2648 1493 2705 depravata
1531 2661 1629 2694 esse
1666 2647 1912 2704 putandum
1948 2651 2031 2693 est.
2087 2645 2273 2692 Initium
2312 2645 2475 2692 erroris

96 2717 265 2762 factum
293 2719 364 2761 est
379 2715 482 2761 hinc
497 2715 692 2761 illincve.
739 2716 850 2761 Tum
865 2724 1018 2762 secuta
1034 2720 1140 2762 sunt
1164 2721 1315 2763 cetera
1329 2722 1409 2763 aut
1422 2730 1505 2763 sua
1519 2715 1648 2772 quasi
1662 2719 1834 2772 sponte,
1858 2718 1938 2762 aut
1953 2714 2153 2760 consulto
2166 2716 2353 2770 mutata,
2369 2714 2475 2770 quia

96 2786 185 2830 iam
215 2784 431 2829 mutanda
459 2784 740 2828 videbantur.
799 2785 915 2840 Quid
945 2786 1123 2831 facilius
1161 2787 1250 2832 fuit
1287 2799 1417 2842 quam
1444 2801 1592 2846 γνωρισ
1619 2785 1806 2829 αλλιδων
1846 2784 1972 2830 abire
2010 2784 2055 2829 iu
2086 2798 2214 2846 χορισ
2242 2784 2474 2839 amanam?

94 2852 332 2908 Abierant,
363 2857 410 2897 et
438 2851 543 2906 quia
571 2851 656 2896 iam
687 2853 914 2897 sententia
942 2853 1151 2911 flagitare
1190 2855 1441 2910 videbatur,
1478 2855 1716 2899 traxerunt
1743 2851 1879 2897 etiam
1908 2847 2012 2915 μέλη
2040 2851 2138 2908 (pro
2166 2850 2319 2914 μόλις),
2351 2851 2474 2898 adiu·

94 2926 233 2967 vante
261 2922 359 2966 sine
388 2920 522 2965 dubio
552 2924 598 2964 et
626 2932 830 2965 sonorum
861 2926 907 2966 et
936 2922 1190 2968 litterarum
1229 2923 1534 2969 similitudine.
1593 2921 1750 2966 Facile
1786 2921 1921 2966 etiam
1959 2937 2016 2975 εις
2057 2925 2243 2984 olo-‘mov
2280 2925 2329 2966 et
2366 2938 2473 2986 αιμα
2536 2914 2538 2916 ’

93 2991 189 3044 δἐις
227 2991 397 3046 scripta
432 2993 539 3033 sunt
565 3001 645 3044 pro
675 2989 730 3033 iis
759 3002 872 3043 quae
902 2994 1033 3035 erant
1061 3009 1111 3044 ως
1143 2996 1332 3055 ελαμπον
1360 2997 1407 3036 et
1434 2992 1638 3055 αιμωδεις,
1676 2994 1756 3045 per
1784 3001 1976 3033 errorem
2006 2988 2198 3033 fortasse
2225 2992 2472 3046 utrumque,

94 3060 286 3103 fortasse
315 3058 452 3102 etiam
481 3058 672 3102 alterum
701 3061 848 3104 utrum
878 3060 932 3103 de
961 3060 1198 3105 industria.
1256 3052 1450 3105 Consilio
1475 3064 1596 3105 certe
1619 3071 1672 3103 ac
1695 3058 1870 3102 ratione
1895 3057 2217 3112 depravatione
2242 3057 2325 3102 illa
2346 3057 2471 3102 facta

239 3171 268 3217 ι)
305 3171 360 3207 De
393 3159 536 3221 χθόνα
561 3171 736 3209 librorum
763 3182 845 3208 mox
871 3171 1000 3209 dicam.
