2593 3663
1262 79 1303 125 V

91 221 409 279 distinguatur,
437 222 485 264 et
512 217 686 264 violata
714 218 931 264 orationis
960 218 1272 274 aequabilitas.
1330 219 1442 263 Nam
1471 219 1512 263 si
1539 220 1810 275 compararis
1840 221 1960 265 inter
1987 232 2052 264 se·
2065 221 2145 265 hos
2175 221 2284 265 duos
2313 233 2471 267 versus

95 294 143 336 et
169 288 417 348 proximos:

389 354 466 398 οιέκ
493 350 563 395 ἐπι
590 353 856 414 καλλιχόροις
886 353 1130 416 στεφανοισι
1157 379 1212 386 —-
1239 379 1294 386 —
1322 356 1460 399 λωτου
1491 373 1605 401 κατα
1631 356 1855 418 πιεόματα
1882 353 2025 419 με’λπη
2055 383 2110 390 -
2137 384 2193 391 -

387 419 508 466 ἄλλα)
537 419 618 463 στὶν
645 420 894 484 ὁπλοφόροις
924 445 978 452 -
1005 446 1061 452 -
1088 428 1224 499 κῶμον
1250 420 1547 466 ἀναυλότατον
1575 441 1839 486 προχορευεις.

389 488 476 534 οὐδ’
503 488 593 533 tino*
620 492 879 551 θυρσομανεῖ
900 487 1086 551 νεβρίδων
1114 485 1223 552 μέτα
1249 489 1429 543 δινευεις,

385 554 549 621 ἅρμασι
575 553 648 602 καὶ
676 554 839 614 ψαλίοις
869 557 1147 622 τετραβάμοσι
1174 557 1346 622 μα’νυχα
1372 563 1513 605 πῶλον

92 624 209 672 idem
245 624 318 671 hic
353 628 491 682 atque
528 624 623 670 illic
660 626 887 671 exordium
926 639 1024 671 esse
1062 639 1300 684 cognosces
1337 631 1385 671 et
1422 627 1608 671 eundem
1647 631 1858 682 protenus
1895 629 2220 672 sententiarum
2256 629 2470 680 colorem;

93 706 222 749 quem
248 692 337 738 nisi
365 692 521 737 eadem
549 692 685 737 etiam
722 693 961 738 antithesis
1000 695 1255 740 bimembris
1292 699 1526 750 sequetur,
1568 708 1657 749 qua
1694 694 1856 739 iterum
1893 695 2014 740 clare
2052 695 2352 750 distincteque
2389 708 2470 741 suo

91 766 326 816 utrumque
351 761 490 806 verbo
519 760 697 805 dicatur
725 765 771 805 et
799 762 907 816 quid
934 762 1084 819 fugiat
1113 764 1221 808 deus
1251 767 1298 807 et
1325 763 1433 818 quid
1459 766 1671 817 sectetur,
1699 761 1946 817 decipietur
1959 762 2154 819 legentis
2184 763 2469 808 audientisve

93 828 367 885 exspectatio
400 828 711 882 minueturque
748 828 880 873 simul
918 842 1016 873 enm
1054 829 1269 875 orationis
1308 833 1549 874 venustate
1578 829 1713 874 etiam
1748 829 1847 884 ipsa
1875 829 2111 875 verborum
2139 829 2468 886 intellegentia.

92 897 336 943 Pessimum
364 900 515 942 antem
542 895 590 941 in
617 896 762 951 poetis
791 896 952 942 vitium
982 897 1173 944 habetur
1202 897 1489 955 ambiguitas·

240 963 365 1020 Quae
407 976 505 1010 cum
546 964 614 1010 ita
651 963 762 1020 sint,
800 964 999 1011 habeant
1039 964 1127 1011 sibi
1166 962 1339 1022 ψαλίοις
1368 964 1445 1020 qui
1483 964 1719 1009 commenti
1759 967 1885 1018 sunt3
1925 976 2017 1019 ιιοε,
2054 964 2095 1007 si
2121 964 2337 1019 sapimuS,
2380 976 2469 1007 non

93 1035 330 1089 tangemus
362 1032 622 1090 genetivum
652 1031 812 1090 ψαλίων
840 1034 1032 1078 omnium
1060 1034 1274 1078 librorum
1306 1034 1395 1077 fide
1428 1033 1664 1077 firmatum.
1721 1033 1819 1076 Hoc
1861 1032 2093 1078 nitendum
2134 1032 2241 1086 erit,
2280 1032 2385 1076 hinc
2423 1032 2470 1075 iu

93 1099 249 1154 quovis
278 1100 546 1145 emendandi
573 1104 736 1144 conatu
763 1100 1140 1156 proficiscendum.
1199 1101 1297 1155 Qua
1325 1102 1372 1144 in
1397 1113 1447 1143 re
1471 1100 1577 1154 quid
1602 1112 1765 1152 quaeso
1787 1099 1932 1154 magis
1957 1098 2148 1152 obvium,
2176 1111 2309 1152 quam
2335 1098 2471 1143 ratio-

92 1181 192 1212 nem
207 1167 430 1222 quandam
443 1168 722 1212 intercedere
737 1168 882 1212 videri
896 1169 1016 1213 inter
1043 1166 1203 1223 ψαλίων
1231 1172 1278 1213 et
1305 1167 1468 1220 πόλων,
1494 1168 1614 1212 inter
1641 1165 1920 1228 τετραβάμοσι
1931 1166 1963 1221 ¹)
1996 1168 2043 1210 et
2070 1162 2283 1209 ἱππείαισι
2310 1177 2468 1211 versus

95 1239 188 1291 796,
215 1235 336 1281 inter
363 1235 476 1281 haec
502 1235 691 1292 denique
718 1239 765 1281 et
792 1235 976 1290 θοάζεις,
1009 1236 1125 1291 quod
1152 1236 1199 1281 in
1229 1236 1382 1282 eodem
1410 1248 1453 1281 v.
1484 1238 1564 1278 796
1593 1233 1792 1292 legitur?
1851 1234 1978 1290 Quae
2005 1233 2154 1280 omnia
2182 1246 2301 1279 nunc
2328 1234 2466 1279 inter·

94 1306 228 1359 rupta
255 1306 551 1359 corruptaque
578 1303 746 1359 iacent,
775 1304 879 1349 olim
908 1303 1125 1350 communi
1153 1303 1283 1349 credo
1311 1303 1490 1348 vinculo
1527 1301 1648 1347 inter
1674 1315 1724 1347 se
1752 1302 1906 1347 iuncta
1941 1303 2232 1358 tenebantur,
2275 1303 2473 1348 membra

95 1384 149 1416 ac
174 1373 327 1426 partes
366 1372 497 1417 nnius
535 1372 778 1428 enuntiati,
819 1373 935 1428 quod
973 1373 1078 1418 inde
1115 1373 1173 1417 ab
1201 1368 1362 1433 ἕρμασι
1405 1383 1545 1426 usque
1583 1371 1641 1415 ad
1668 1370 1833 1424 ,θοάζεις
1873 1372 2144 1427 pertinebat.
2201 1372 2337 1417 Cuius
2374 1385 2474 1416 con·

94 1438 333 1483 iunctionis
360 1439 603 1497 vestigium
630 1441 872 1484 scholiasta
900 1441 978 1484 ille
1005 1440 1219 1494 servavit,
1256 1440 1332 1494 qui
1360 1440 1534 1484 tradita
1560 1439 1702 1484 verba
1729 1440 1794 1484 sic
1822 1439 2039 1494 explicat:
2078 1437 2148 1482 ἐπὶ
2175 1447 2260 1492 τοῖς
2298 1439 2476 1502 ῥεύμασι

94 1508 172 1549 w&
196 1505 384 1568 Ἰσμηνοὸ
406 1533 461 1539 -
481 1508 741 1570 πορευόμενος
764 1509 843 1552 στὲν
867 1505 1029 1570 ἕρμασι
1049 1507 1123 1553 καὶ
1141 1514 1323 1567 χαλινοῖς
1344 1507 1608 1570 τετραπόδων
1629 1506 1866 1569 μονωνιίχων
1889 1506 2027 1552 ἵππων
2050 1507 2301 1553 ἱππεόσεσιν
2325 1509 2437 1571 όρμᾷ
2441 1527 2472 1562 ς.

94 1573 222 1618 Licet
251 1574 296 1619 in
328 1576 398 1620 his
425 1588 535 1621 vera
562 1577 766 1630 falsaque
794 1576 928 1621 mista
948 1576 1054 1631 sint,
1082 1577 1164 1621 hoc
1185 1580 1336 1621 tamen
1356 1576 1460 1621 hinc
1481 1578 1672 1631 apparet
1685 1587 1775 1619 non
1798 1576 2101 1621 accusativum
2131 1576 2302 1639 μόιυχα
2328 1579 2476 1621 πῶλον

93 1640 173 1685 sed
199 1641 459 1697 genetivum
489 1642 685 1704 μωνυ’χων
711 1641 881 1695 πόλων,
915 1647 1057 1688 metro
1099 1644 1302 1699 quamvis
1331 1647 1580 1698 recusetur,
1615 1642 1717 1687 huic
1744 1642 2110 1698 interpretationi
2139 1645 2344 1701 subesse,
2380 1649 2475 1689 tum

95 1720 202 1753 vero
230 1709 361 1754 renui
390 1722 445 1755 ea
471 1723 652 1767 proisus
681 1714 727 1755 et
756 1711 972 1767 denegari
999 1711 1266 1767 particulam
1301 1708 1352 1755 τέ
1377 1715 1480 1767 post
1508 1711 1724 1772 Ἰσμηνσές
1763 1723 1876 1763 quae
1917 1711 1956 1754 si
1998 1712 2345 1767 intercessisset,
2377 1726 2475 1756 eum

92 1775 171 1820 ille
199 1775 587 1834 interpretaretur,
616 1777 739 1823 nullo
767 1778 894 1823 modo
922 1779 1108 1835 iungere
1136 1778 1256 1823 inter
1283 1791 1332 1823 se
1359 1778 1581 1834 potuisset
1607 1776 1803 1839 μωνυ’χων
1830 1776 1982 1822 πώλων
2002 1804 2057 1810 ——
2076 1777 2288 1823 ι’ππείαισι
2308 1780 2474 1832 θοάζεις

93 1845 168 1896 (z
195 1843 435 1906 μονωνυ’χων
460 1845 600 1891 ἵππων
629 1845 874 1891 amimam>
902 1847 1072 1943 ὁρμᾷς).
1103 1871 1157 1877 -
1185 1848 1253 1891 Ne
1281 1847 1434 1901 multa,
1462 1846 1644 1900 scripsit
1670 1850 1816 1901 poeta,
1845 1847 1933 1890 nisi
1963 1848 2118 1891 fallor:

744 1925 828 1969 οὐδ’
855 1926 943 1969 ‘orto'
971 1925 1268 1988 θυρσομανείἳ)
1297 1922 1485 1986 νεβρίδων
1513 1921 1621 1986 μέτα
1647 1926 1826 1977 δινεῖ-εις

742 1995 906 2057 αρμασι
932 1991 1153 2050 κιίψαλιων
1180 1993 1460 2055 τετραβαμοσι
1487 1993 1812 2055 yon-xeneam,

743 2062 931 2142 Ἰσμηνοῦ
962 2063 994 2122 7'
1012 2061 1082 2107 ἐπι
1110 2080 1289 2126 χευμασι
1316 2060 1480 2121 βαινων,

745 2134 955 2174 ἱππειαισι
980 2132 1145 2184 ,θοάζεις

92 2199 122 2242 i.
153 2213 191 2243 e.
219 2212 364 2253 neque
391 2204 441 2245 tu
469 2201 661 2256 pellibus
690 2203 872 2249 indutus
902 2206 1012 2250 duce
1034 2207 1233 2262 Dionyso
1253 2204 1501 2259 baccharis3
1529 2203 1730 2249 curribus
1763 2206 1810 2249 et
1838 2202 2078 2249 infrenium
2109 2214 2319 2258 equorum
2343 2214 2475 2247 cursu

93 2267 380 2322 quadrupede
407 2268 454 2313 in
483 2269 649 2314 Ismeni
678 2271 789 2316 adeo
817 2272 926 2327 ripis
955 2272 1196 2319 inveheris-

238 2335 361 2380 Nihil
389 2336 486 2381 fere
500 2337 791 2394 mutavimus3
820 2338 1040 2396 καψαλι’ων
1067 2341 1097 2386 i.
1113 2355 1151 2386 e.
1179 2338 1254 2385 καὶ
1282 2338 1475 2396 οίψαλίων
1492 2339 1748 2395 scripsimus
1764 2351 1844 2395 pro
1867 2337 1940 2383 καὶ
1969 2337 2143 2395 ψαλὰον,
2173 2339 2475 2401 μωνυχοπωλωιν

93 2413 173 2456 pro
202 2402 395 2464 μωνόχων
422 2404 485 2459 (α)
515 2403 678 2458 πώλων,
705 2405 738 2464 γ’
767 2406 958 2463 denique
987 2409 1043 2454 de
1070 2421 1154 2464 quo
1183 2420 1284 2453 mox
1311 2408 1461 2464 plura,
1498 2420 1578 2463 pro
1607 2406 1656 2450 τ’.
1688 2433 1743 2439 -
1770 2408 1899 2452 Nova
1937 2412 2086 2451 autem
2122 2420 2238 2462 quae
2266 2408 2471 2451 finximus

89 2470 307 2515 vocabula
336 2471 642 2518 similitudinis
669 2474 772 2530 lege
801 2474 1115 2520 defenduntur.
1173 2476 1287 2519 Nam
1314 2478 1366 2519 ut
1391 2474 1573 2530 α’ψαἊιος
1604 2475 1781 2518 ducitur
1803 2487 1831 2517 a
1858 2474 2025 2529 ψαλιον,
2054 2475 2120 2517 sic
2147 2475 2347 2536 αστόμιος
2377 2475 2476 2518 sive

90 2553 267 2600 αστομος
298 2552 326 2582 a
354 2539 494 2602 στόμα
521 2540 550 2584 i.
580 2554 617 2585 e.
646 2541 798 2597 ψάλιον
827 2547 872 2587 et
899 2542 1100 2602 αχιίλινος
1129 2556 1157 2587 a
1184 2542 1353 2602 χαλινός
1383 2543 1519 2586 ducta
1547 2545 1675 2596 sunt3
1711 2542 1969 2597 Significant
1997 2546 2146 2586 autem
2176 2543 2293 2586 idem
2322 2542 2470 2586 omnia

92 2606 334 2659 „infrenis“
363 2608 461 2652 sive
492 2608 684 2664 „ferox“,
712 2611 839 2654 velut
867 2611 914 2655 in
943 2612 1075 2667 Soph.
1091 2612 1219 2656 El.v.
1237 2614 1330 2665 724,
1358 2610 1435 2655 ubi
1455 2607 1633 2672 ἄστομοι
1660 2611 1800 2653 πῶλοι
1826 2610 2006 2668 ,,βίαιοι“
2033 2614 2140 2654 sunt
2166 2616 2214 2655 et
2242 2611 2474 2663 ,,α’πει.9εις,

91 2685 204 2727 quae
247 2674 423 2729 quidem
461 2675 731 2733 significatio
771 2691 903 2733 quam
942 2684 1052 2736 apta
1089 2679 1150 2725 sit
1187 2679 1323 2724 etiam
1360 2679 1407 2724 in
1448 2679 1529 2723 hoc
1555 2678 1900 2723 Phoenissarum
1937 2689 2071 2721 versu
2109 2689 2237 2721 nemo
2267 2680 2337 2721 est
2366 2677 2472 2731 quin

90 2743 386 2777 4-—

245 2826 274 2872 ¹)
299 2826 355 2864 Ne
380 2827 462 2874 quis
489 2818 774 2882 τετραβάμοσι
800 2827 846 2864 ad
873 2819 1036 2884 ἅρμασι
1061 2835 1232 2878 spectare
1255 2834 1376 2878 putet,
1405 2818 1622 2882 διβοίμονα,
1644 2832 1732 2866 sunt
1754 2818 1945 2882 ἅρματα,
1970 2839 2043 2865 non
2073 2817 2373 2879 τετραβάμονα.

242 2895 273 2942 ²)
299 2895 323 2933 i.
346 2907 378 2935 e.
395 2888 483 2933 ὑπό
519 2890 584 2932 ‘rc-1⁹
614 2888 809 2949 Διονύσῳ
836 2893 902 2934 τοῖ’
932 2886 1038 2953 μετὰ
1065 2892 1234 2954 seeum
1262 2888 1501 2955 μαινομένῳ,
1530 2908 1651 2945 neque
1675 2899 1783 2935 video
1810 2898 1895 2944 quid
1927 2897 2052 2935 obstet
2074 2897 2159 2933 hnic
2193 2896 2474 2932 scholiastarum

89 2958 404 3009 interpretationi,
447 2975 554 3010 quam
591 2965 759 3002 defendit
783 2966 934 3003 Geelins
971 2968 1054 3004 coll.
1093 2969 1247 3006 aliorum
1284 2968 1551 3005 adiectivornm
1585 2977 1655 3003 usu
1679 2966 1871 3003 consimili.
1922 2967 1981 3003 Sic
2008 2955 2258 3019 χρυσολυ’ρης
2304 2961 2473 2998 substan-

89 3027 167 3063 tivo
180 3038 254 3065 non
268 3029 395 3067 addito
413 3031 458 3067 de
472 3031 644 3077 Apolline
657 3032 712 3068 ait
726 3033 865 3069 dictum
878 3044 960 3070 esse
978 3035 1094 3072 Arist.
1112 3035 1258 3072 Thema.
1272 3037 1354 3081 315,
1379 3040 1419 3072 et
1434 3043 1591 3087 πτερου
1602 3040 1689 3069 σσα
1705 3033 1750 3070 de
1769 3033 1931 3078 Sphinge
1945 3032 2186 3069 Phoen.1021
2207 3020 2315 3081 ἔβας,
2327 3039 2358 3064 ω
2374 3038 2474 3066 πτε-

91 3105 163 3145 ρου
174 3103 272 3145 σσα,
299 3095 373 3145 γᾶς
400 3091 592 3154 λόχευμα
620 3089 808 3154 νερτέρου
837 3091 876 3135 τ’
901 3092 1105 3154 ’ὝΕχιδιας
1141 3102 1361 3149 Obloquitur
1372 3102 1429 3138 his
1439 3103 1507 3138 Th.
1523 3101 1669 3137 Koekl.
1680 3112 1710 3137 e.
1726 3100 1780 3137 Cf.
1798 3111 1860 3145 pg.
1872 3100 1995 3135 IV.——
2009 3099 2204 3143 Utcunque
2218 3108 2278 3134 res
2294 3096 2475 3143 sehabet,

88 3152 180 3192 nibil
203 3156 334 3203 utique
358 3158 406 3196 ad
430 3159 679 3196 coniecturam
703 3164 880 3197 nostram.
