2593 3663
239 1033 490 1104 Sollemni
514 1057 599 1101 hac
626 1057 780 1102 oblata
802 1057 1146 1113 programmatis
1166 1058 1282 1111 quod
1309 1056 1464 1101 dicunt
1487 1055 1717 1100 occasione
1746 1069 1841 1100 cum
1870 1055 1915 1100 in
1948 1055 2085 1101 officii
2107 1060 2238 1111 parte
2266 1056 2465 1102 duxisse·

84 1137 181 1169 mus
214 1123 384 1170 tabulis
431 1122 768 1178 rationibusque
806 1123 1212 1170 commentariolum
1250 1123 1442 1180 aliquem
1477 1123 1787 1180 praemittere,
1826 1123 2023 1170 eruenda
2055 1123 2184 1170 nobis
2221 1124 2321 1171 visa
2359 1128 2465 1171 sunt

85 1191 267 1238 tandem
307 1191 560 1248 aliquando,
600 1203 713 1247 quae
745 1190 835 1238 iam
868 1190 937 1237 bis
974 1204 1140 1247 „annos
1177 1193 1399 1239 novenos“
1435 1191 1483 1238 in
1519 1191 1782 1238 scriniorum
1819 1191 2008 1238 latebris
2046 1191 2203 1238 abdita
2241 1192 2466 1238 iacebant.

84 1260 433 1306 Emendationes
460 1259 633 1315 aliquot
669 1263 776 1305 sunt
802 1259 878 1305 vel
906 1259 1054 1315 potius
1084 1259 1384 1315 coniecturae,
1421 1271 1512 1304 non
1549 1260 1616 1304 ita
1654 1260 1821 1304 multae
1858 1272 2060 1316 numem,
2097 1261 2177 1305 sed
2219 1261 2278 1305 ad
2306 1273 2464 1306 versus

85 1327 364 1385 pertinentes
392 1327 710 1373 famosissimos
738 1331 1003 1382 notatosque
1031 1327 1220 1372 aliorum
1234 1327 1522 1384 plurimorum
1549 1327 1774 1383 periculis.
1818 1327 1966 1382 Quare
1995 1327 2043 1371 in
2069 1340 2120 1371 re
2146 1340 2228 1383 per
2253 1341 2302 1372 se
2329 1328 2465 1384 plena

85 1395 213 1440 aleae
228 1395 471 1440 verendum
501 1394 610 1438 mihi
639 1395 739 1449 erit,
767 1407 825 1439 ne
848 1394 1173 1450 imprudentius
1197 1395 1359 1439 fecisse
1387 1395 1558 1448 videar,
1586 1398 1666 1439 aut
1688 1407 1746 1439 ne
1765 1394 1882 1438 forte
1903 1394 2171 1439 invidiosum
2192 1395 2254 1439 sit
2275 1395 2465 1440 tironem

86 1463 289 1507 doctrina
302 1466 358 1507 de
374 1475 423 1507 se
438 1462 699 1518 promittere
712 1461 872 1516 videri,
888 1475 1002 1516 quae
1013 1474 1062 1506 se
1077 1462 1196 1517 ipsos
1209 1466 1443 1517 praestare
1457 1475 1587 1518 posse
1604 1462 1692 1508 viri
1706 1463 1816 1507 rude
1827 1462 1981 1507 donati
1994 1463 2347 1518 desperaverint.
2376 1463 2465 1509 Sed

84 1542 172 1575 non
201 1542 376 1587 semper
403 1530 450 1575 in
479 1529 732 1575 factitanda
768 1529 926 1575 critica
962 1530 1022 1575 ad
1059 1542 1192 1574 unam
1231 1529 1464 1575 scientiam
1486 1543 1558 1575 res
1585 1530 1721 1585 redit3
1764 1534 1834 1575 est
1875 1531 1953 1575 ubi
1981 1531 2117 1576 etiam
2156 1530 2248 1576 fors
2278 1531 2461 1576 fortuna

84 1597 251 1654 valeat,
278 1597 366 1644 etsi
385 1601 507 1643 certe
535 1598 664 1643 abest
692 1597 913 1643 meritum.
970 1598 1068 1642 Hoc
1095 1598 1254 1654 animo,
1283 1598 1608 1654 qualiacunque
1637 1602 1755 1655 sunt,
1793 1603 1839 1643 et
1867 1598 2131 1655 protulimus
2160 1612 2279 1644 nunc
2307 1605 2462 1644 nostra

85 1670 132 1711 et
160 1667 439 1723 accipiantur
467 1678 701 1723 precamur
730 1666 788 1711 ab
817 1666 873 1711 iis
902 1667 1061 1721 quibus
1090 1667 1244 1723 legere
1272 1680 1434 1722 operae
1462 1667 1563 1711 erit.

1254 1964 1292 2008 1.

591 2086 1947 2145 EURIP.PH0EN.793-796(ed.Kircl1h.).

229 2211 398 2257 Chorus
425 2211 588 2257 Martis
644 2212 797 2257 studia
825 2225 922 2257 cum
951 2212 1115 2258 Bacchi
1143 2212 1376 2259 conferens
1404 2214 1470 2259 sic
1497 2215 1803 2270 conqueritur:

516 2283 595 2323 793
655 2280 743 2325 οὐδ’
771 2281 859 2326 unc*
886 2286 1144 2345 ,θυρσομανεῖ
1167 2281 1355 2345 νεβρίδων
1383 2280 1492 2346 μέτα
1519 2283 1686 2337 δινεῦεις

659 2347 822 2414 ἕρμασι
850 2348 924 2394 καὶ
951 2349 1111 2407 ψαλίων
1122 2352 1154 2408 ¹)
1182 2352 1460 2415 τετραβάμοσι
1488 2352 1661 2416 μόνυχα
1689 2355 1834 2398 amm>
1843 2353 1879 2409 2)

518 2422 596 2462 795
654 2419 844 2482 Ἰσμηνοῦ
875 2419 912 2463 τ’
942 2418 1012 2464 ἐπὶ
1039 2420 1217 2483 χεύμασι
1245 2418 1396 2480 βαίνων

655 2485 867 2533 ἱππείωσι
894 2487 1072 2543 θοάζεις,
1101 2487 1286 2553 Ἀργείοις
1315 2488 1568 2545 ἐπιπνεύσας

654 2556 876 2619 Σπαρτῶν
902 2554 1046 2617 γένναν
1073 2571 1111 2602 e.
1141 2571 1183 2613 q.
1212 2571 1247 2602 S.

229 2621 520 2666 Gravissimis
550 2622 893 2669 difficultatibus
931 2626 1010 2669 hos
1039 2638 1195 2670 versus
1221 2626 1363 2682 premi
1400 2639 1528 2670 nemo
1565 2639 1654 2670 non
1682 2626 1824 2680 videt3
1864 2626 2081 2680 imprimis
2119 2630 2248 2681 patet
2283 2639 2459 2681 corrup·

79 2689 173 2731 tum
213 2701 310 2732 esse
340 2701 518 2735 versum
557 2693 639 2732 794
674 2689 838 2755 ἕρμασι
873 2690 948 2736 καὶ
983 2691 1143 2749 ψαλίων
1181 2693 1459 2757 τετραβάμοσι
1498 2708 1536 2738 e.
1575 2707 1616 2748 q.
1654 2706 1709 2748 s.,
1746 2693 1792 2736 in
1823 2706 1907 2747 quo
1936 2693 2096 2748 ψαλλω
2133 2693 2371 2749 genetivus
2413 2698 2459 2737 et

77 2753 357 2818 τετραβάμοσι
391 2756 572 2803 dativus
601 2769 753 2805 omnes
781 2761 1113 2817 interpretandi
1151 2769 1274 2807 artes
1304 2762 1504 2807 eludunt.
1562 2761 1754 2805 Frustra
1781 2760 1920 2804 libros
1948 2760 2232 2816 inspiciemus
2261 2774 2286 2805 e
2314 2761 2457 2805 varie-

77 2826 175 2867 tate
202 2824 442 2869 lectionum
471 2839 586 2880 quae
615 2826 711 2871 fere
744 2829 870 2872 nulla
899 2833 969 2873 est
996 2843 1121 2885 opem
1151 2834 1436 2885 quaerentes,
1475 2830 1647 2873 frustra
1675 2828 1811 2872 etiam
1839 2828 2177 2872 scholiastarum
2210 2828 2364 2871 rudem
2393 2828 2458 2871 in·

77 2888 385 2947 digestamque
412 2892 674 2940 doctrinam.
731 2895 846 2941 Nam
875 2897 989 2952 quod
1014 2897 1071 2943 ab
1100 2911 1187 2943 uno
1216 2897 1419 2944 alterove
1447 2909 1597 2943 eorum
1626 2893 1789 2952 ψαλίοις
1821 2895 2151 2941 commendatur
2189 2909 2269 2951 pro
2298 2892 2457 2952 ψαλίων

76 2950 151 3004 (cf.
182 2958 317 3003 etiam
347 2972 451 3004 ann.
483 2961 543 3016 1),
577 2974 666 3012 non
696 2963 810 3008 assis
839 2968 960 3009 certe
989 2965 1241 3012 faciendum
1270 2965 1512 3010 remedium
1542 2967 1630 3019 est,
1664 2964 1780 3018 quod
1808 2976 1951 3017 neque
1980 2963 2217 3017 quidquam
2253 2964 2458 3018 proficiat

218 3088 248 3135 ¹)
273 3088 334 3126 Sic
358 3089 443 3127 libri
468 3090 585 3129 ceteri
611 3101 752 3139 omnes;
778 3083 938 3142 ψαλίων
966 3095 1165 3142 (suprascr.
1192 3086 1297 3144 λίοις
1323 3109 1347 3136 a
1371 3109 1418 3137 m.
1439 3100 1529 3144 sec.)
1554 3098 1597 3144 B,
1626 3086 1811 3143 ψαλί(οις
1837 3097 1875 3133 in
1902 3097 2046 3142 rasura)
2072 3096 2111 3133 F·

217 3159 250 3206 ἵ)
274 3159 359 3198 libri
384 3165 451 3200 ant
476 3162 541 3209 sic,
566 3166 634 3201 aut
658 3151 830 3214 μόντχα
858 3153 1010 3202 πόλων
1038 3167 1110 3204 AF
1134 3171 1201 3205 aut
1230 3158 1424 3222 μωνῦχων
1445 3158 1599 3203 πώλων
1622 3167 1733 3203 BEF
1757 3177 1803 3203 m.
1828 3168 1863 3203 2.
