2593 3663
1235 46 1330 108 ’ΧΠ

92 196 428 247 continuatione
456 201 589 246 metri
617 202 873 246 trochaeum
901 201 1069 245 intulit.
1125 200 1362 255 Utcunque
1394 200 1598 256 periodos
1633 201 1763 248 huius
1800 202 2009 248 carminis
2048 201 2314 260 distinguas,
2351 201 2466 249 illud

92 269 376 314 manifestum
407 273 477 314 est
504 270 644 314 verba
671 267 799 332 ματρὶ
822 269 1023 332 λόχευμα,
1051 270 1213 333 μίασμα
1236 270 1411 329 πατρός,
1439 269 1673 333 afflatum)
1696 284 1785 317 non
1809 275 1951 318 totum
1966 271 2066 328 ipsa
2079 266 2258 317 versum
2273 271 2464 328 efficere,

91 338 171 382 sed
200 342 373 393 partem
402 350 559 382 versus
585 351 695 391 esse,
729 338 970 382 membrum
1011 339 1108 383 sive
1136 344 1283 391 κῶλον,
1322 338 1445 383 cuius
1474 338 1610 383 aliam
1639 350 1737 384 esse
1765 343 1942 385 constat
1967 338 2015 384 in
2042 338 2200 385 ultimo
2223 339 2341 396 pede
2365 351 2467 386 nor·

92 417 207 449 mam
238 409 373 460 atque
401 406 539 450 totius
567 405 752 460 periodi.
811 406 960 460 Quare
999 407 1085 451 etsi
1122 407 1225 451 huic
1259 406 1394 451 facile
1431 406 1709 450 concedimus
1752 411 1800 451 et
1827 407 1998 452 hiatum
2026 409 2074 450 et
2096 406 2318 463 syllabam
2346 408 2465 453 anci·

93 473 244 528 pitem,
272 473 331 517 ab
359 472 438 517 illo
467 477 618 517 tamen
648 473 862 517 eiusmodi
890 473 1075 518 licentia
1117 474 1173 518 in
1212 474 1398 518 media
1435 474 1784 528 praesertim
1822 487 1958 519 voce
1995 473 2271 529 prohibenda
2299 479 2382 519 est.
2412 497 2464 508 --

90 541 296 585 Ceterum
326 540 410 585 hac
436 540 535 596 ipsa
566 553 702 584 causa
730 541 935 585 commoti
962 554 1042 585 nos
1071 555 1206 597 supra
1234 555 1331 586 cum
1360 541 1604 585 clausulam
1632 541 1923 597 exploremus,
1956 540 2141 595 Λαπίθας
2167 542 2464 606 πατροφῶντας

88 610 406 663 proposuimus,
434 621 522 653 non
552 608 786 661 Οιδιπόδας
815 609 1126 672 πατροφόντας,
1154 623 1211 654 ne
1231 610 1404 654 scilicet
1431 600 1571 664 ηλθεν
1598 609 1797 653 trochaei
1824 622 2074 654 mensuram
2090 610 2291 666 haberet,
2316 611 2356 656 si
2384 612 2466 657 illa

89 688 116 719 a
147 680 420 720 consonante
448 676 680 732 inciperet.

1234 1242 1318 1288 111.

236 1406 517 1454 Describitur
545 1407 603 1453 ab
632 1406 789 1453 nuntio
819 1420 935 1452 mors
965 1406 1185 1463 Capanei:

609 1480 715 1518 1187
759 1472 838 1531 ἤδη
866 1476 902 1519 δ’
933 1474 1238 1538 ὑπερβαίνοντα
1263 1484 1384 1535 γεῖσα
1411 1471 1584 1535 τειχέωι

756 1543 910 1601 βάλλει
940 1561 1121 1603 κεραυνῳ
1158 1544 1263 1597 Ζεύς
1292 1558 1367 1600 τιτι·
1396 1542 1602 1598 ἐκτύπησε
1630 1537 1673 1586 δε

751 1617 882 1670 χθώα,
911 1628 1024 1655 ωστε
1054 1614 1191 1656 δεῖσαι
1220 1612 1396 1664 πάντας·
1425 1610 1469 1655 ἐκ
1497 1606 1540 1654 δὲ
1569 1609 1785 1674 κλιμάκων

605 1683 712 1722 1190
754 1679 1026 1742 ἐσφενδονᾶτο
1056 1678 1172 1741 χωρὶς
1203 1679 1403 1734 ἀλλήλων
1433 1675 1549 1741 μελη,

756 1748 886 1810 κόμαι
917 1744 988 1810 μὲν
1016 1755 1070 1801 εἰς
1093 1744 1333 1810 Ὄλυμπον,
1360 1745 1467 1809 αἷμα
1497 1747 1589 1798 δἐὶς
1618 1744 1771 1804 χθόνα,

758 1825 884 1874 χεῖρες
914 1812 956 1861 δὲ
985 1814 1061 1861 καὶ
1089 1816 1190 1861 κῶλ’
1217 1820 1271 1869 (ἇς
1300 1814 1484 1877 κύκλωμ’
1513 1811 1678 1866 Ἰξίονος

757 1882 968 1927 εἱλίσσετ’·
998 1891 1051 1938 εἰς
1079 1886 1163 1943 γῆν
1190 1881 1403 1946 δ’ἒμπυρος
1432 1880 1582 1927 πίπτει
1610 1880 1758 1939 νεκρός.

81 1962 109 1993 1.
141 1963 177 1993 e.
210 1949 287 1993 ihn
317 1949 432 1993 trifft
461 1949 542 1992 mit
571 1949 668 1993 dem
699 1951 963 1997 Blitzstrahl
992 1953 1128 2007 Zeus3
1172 1953 1244 1997 die
1272 1952 1394 1997 Erde
1422 1951 1664 1996 erdrohnte
1691 1948 1782 1993 und
1810 1961 1899 1992 von
1927 1947 2007 1992 der
2034 1947 2188 1992 Leiter
2216 1959 2317 2003 weg
2346 1959 2459 1991 wur-

84 2017 170 2061 den
199 2015 517 2072 geschleudert
544 2017 787 2072 gesondert
815 2032 901 2064 von
930 2020 1145 2065 einander
1174 2020 1246 2065 die
1276 2020 1473 2074 Glieder,
1503 2018 1575 2063 die
1603 2018 1756 2062 Haare
1782 2028 1881 2059 zum
1900 2015 2074 2071 olymp,
2103 2014 2184 2059 das
2212 2014 2320 2059 Blut
2349 2015 2458 2059 aber

83 2084 165 2129 auf
191 2084 264 2128 die
295 2084 430 2128 Erde.
488 2086 623 2129 Arme
667 2087 758 2131 und
788 2087 928 2132 Beine
970 2088 1205 2134 wirbelten
1236 2088 1322 2134 wie
1357 2088 1437 2133 das
1465 2087 1566 2133 Rad
1595 2085 1673 2130 des
1702 2083 1844 2138 Ixion,
1876 2083 1967 2128 und
1996 2083 2244 2128 verbrannt
2278 2082 2351 2128 fiel
2380 2095 2461 2128 zur

79 2152 201 2196 Erde
229 2151 310 2196 der
338 2152 594 2197 Leichnam.

228 2219 374 2264 Pudet
410 2232 553 2275 paene
592 2233 754 2265 novum
795 2221 965 2277 aliquid
1002 2222 1150 2267 dicere
1179 2222 1298 2267 velle
1325 2221 1470 2267 videri
1505 2221 1560 2267 de
1597 2220 1667 2266 his
1694 2218 1918 2275 versibus,
1957 2231 2014 2264 ne
2054 2217 2181 2274 qnasi
2219 2217 2295 2273 qui
2332 2218 2461 2276 ligna

78 2288 198 2331 ferat
226 2286 272 2331 in
300 2287 473 2343 silvam,
507 2301 614 2343 opus
643 2289 805 2334 inutile
833 2290 1066 2335 videamur
1094 2302 1243 2347 agere.
1300 2291 1413 2335 Nam
1442 2289 1609 2334 dictum
1637 2289 1693 2334 de
1720 2288 1777 2333 iis
1806 2291 1888 2343 est,
1917 2285 2130 2342 quidquid
2157 2285 2246 2331 dici
2275 2286 2458 2332 videtur

77 2354 288 2411 potuisse,
316 2355 434 2411 licet,
463 2355 503 2401 si
532 2368 685 2402 verum
716 2370 918 2415 quaeraS,
952 2371 1009 2404 ne
1038 2358 1175 2404 hilum
1206 2358 1381 2415 quidem
1410 2358 1659 2416 profectum
1687 2357 1761 2403 sit.

227 2424 486 2479 Quicunque
522 2429 671 2469 autem
711 2427 767 2470 de
809 2427 891 2470 hoc
927 2428 1023 2471 loco
1062 2432 1274 2483 egerunt,
1319 2440 1393 2472 eos
1430 2427 1477 2472 in
1516 2427 1627 2472 duas
1665 2429 1818 2482 partes
1860 2423 2186 2469 diversissimas
2230 2422 2458 2467 discedere

77 2490 303 2536 videmus:
348 2497 427 2536 aut
455 2493 658 2538 acerbius
688 2507 844 2538 versus
876 2498 983 2535 1190
1011 2508 1075 2549 sq.
1105 2495 1363 2550 explodunt,
1401 2500 1480 2539 aut
1508 2495 1766 2539 coniventes
1813 2492 2039 2548 patienter
2080 2492 2291 2536 tolerant.
2348 2489 2458 2534 Con·

76 2559 293 2603 demnant
321 2559 446 2615 i11i1)‚
475 2561 577 2614 quia
606 2561 750 2617 inepti
778 2562 872 2606 sint
893 2575 1062 2617 versus,
1090 2562 1280 2607 laudant
1302 2562 1392 2618 hi2)
1420 2566 1603 2618 propter
1626 2561 1841 2607 sermonis
1864 2560 2085 2615 quandam
2114 2557 2456 2603 sententiarum·

238 2721 267 2767 ¹)
293 2719 481 2757 Nauckius
507 2720 601 2758 scite
627 2725 666 2758 et
690 2726 799 2759 acute
825 2727 868 2759 ut
896 2722 1010 2759 solet:
1050 2722 1116 2767 „In
1142 2722 1207 2760 der
1231 2722 1331 2760 That
1355 2723 1509 2760 streitet
1534 2731 1574 2759 es
1599 2731 1724 2769 gagen
1748 2720 1823 2757 alle
1847 2719 2035 2757 Vernnnft
2059 2730 2106 2756 zu
2130 2729 2259 2765 sagen,
2285 2718 2370 2756 dass
2396 2717 2455 2754 die

76 2780 200 2818 Haare
226 2781 292 2817 des
318 2791 401 2817 vom
426 2780 551 2817 Blitze
577 2781 815 2819 Getroffenen
845 2782 883 2819 in
917 2782 976 2820 die
1002 2782 1093 2820 Luft
1116 2783 1190 2821 und
1223 2794 1293 2831 gar
1316 2783 1355 2821 in
1388 2784 1459 2822 den
1484 2782 1615 2830 Olymp
1651 2781 1792 2831 gehen,
1826 2781 1893 2820 dus
1916 2780 2007 2819 Blut
2030 2779 2120 2818 aber
2144 2790 2210 2818 zur
2234 2778 2332 2817 Erde
2356 2778 2455 2817 ant.

76 2843 163 2877 Man
189 2842 300 2876 sollte
325 2841 507 2886 glauben,
542 2839 741 2886 Kapaneus
765 2847 865 2877 wilre
891 2843 1004 2878 durch
1030 2843 1100 2879 den
1124 2844 1224 2879 Blitz
1252 2844 1448 2881 einerseits
1474 2843 1675 2890 skalpiert,
1709 2841 1937 2879 andrerseits
1962 2839 2156 2878 erstocheu
2181 2839 2348 2885 worden,
2381 2838 2456 2876 und

72 2909 166 2945 doch
191 2908 316 2944 wiirde
343 2908 473 2943 immet
502 2907 562 2943 die
588 2908 976 2955 Gegenubersteuung
1010 2911 1074 2946 des
1099 2911 1230 2947 Blutes
1264 2912 1338 2947 und
1371 2912 1437 2947 der
1460 2911 1584 2947 Haare
1617 2909 1752 2946 absurd
1783 2908 1874 2945 sein.
1923 2907 1994 2945 Die
2018 2908 2150 2943 Worte
2180 2898 2454 2964 ἐσφενδονᾶτο

70 2985 190 3029 χωρις
220 2967 421 3024 ἀλλήλων
450 2962 557 3029 μελη
582 2974 663 3011 sind
687 2973 792 3011 indes
818 2974 997 3011 ebenfalls
1021 2978 1248 3022 unpassend3
1288 2977 1384 3014 deun
1408 2988 1515 3014 wenn
1540 2977 1735 3023 Euripides
1760 2988 1800 3013 so
1826 2975 1986 3020 schrieb,
2020 2986 2060 3011 so
2085 2975 2225 3011 konnte
2251 2985 2292 3011 er
2313 2974 2453 3011 hinter-

69 3046 137 3081 her
160 3045 264 3081 nicht
287 3056 404 3092 sagen
434 3043 488 3090 εἰς
517 3053 601 3096 *mv
630 3032 806 3098 ἔμπυρος
834 3035 988 3081 πίπτει
1018 3035 1166 3097 νἐκρος.
1212 3044 1310 3081 Oder
1336 3045 1453 3082 sollen
1479 3048 1578 3081 etwa
1603 3043 1662 3080 die
1688 3042 1932 3081 auseinander
1956 3041 2173 3089 gerissenen
2197 3041 2358 3088 Glieder,
2392 3041 2452 3079 die

72 3106 167 3143 nach
191 3106 480 3144 verschiedenen
507 3107 634 3144 seiten
661 3106 723 3143 bin
749 3105 899 3153 fliegen,
933 3105 1011 3143 sich
1036 3106 1130 3143 nach
1155 3105 1303 3153 einigen
1330 3106 1537 3144 Irrfahrten
1562 3104 1700 3142 wieder
1725 3115 1765 3142 so
1790 3103 2003 3149 verbindeu,
2037 3102 2122 3140 dass
2147 3101 2313 3140 dennocb
2336 3106 2452 3140 unten

63 3168 130 3203 ein
154 3172 257 3205 toter
268 3168 419 3204 Mensch
443 3168 678 3204 aukommt?“
706 3186 750 3194 -
779 3167 834 3204 Cf.
860 3167 973 3204 etiam
998 3177 1091 3215 quae
1117 3168 1160 3205 G.
1182 3167 1414 3206 Hermannus
1440 3167 1487 3205 ad
1511 3166 1577 3206 hos
1594 3177 1654 3206 vv.
1668 3170 1841 3206 annotat:
1870 3164 1996 3215 „ligna
2009 3174 2100 3204 saxa
2113 3166 2225 3213 atque
2241 3161 2453 3212 aliarigida
