2593 3663
1237 60 1308 113 IX

833 197 929 252 ουδὲ
957 201 1161 270 σύναψον
1189 198 1236 261 ος
1248 206 1284 266 1)
1311 212 1366 263 εἰς
1395 203 1519 270 λέχος
1549 202 1702 267 ἢλθεν,

830 275 1181 339 πατροφόνος
1223 279 1598 336 πολυπενθής.

85 356 114 404 i.
143 368 181 404 e.
209 374 258 401 ου
284 348 361 416 γὰρ
388 375 409 401 ο
445 353 500 419 μὴ
526 354 663 401 καλόν
690 351 837 402 οὔποτ’
865 353 944 423 ἔφυ
970 356 1124 412 καλόν,
1152 352 1247 403 ουδὲ
1277 363 1315 403 οἱ
1341 360 1495 413 παῖδες
1525 354 1610 404 οἷον
1636 360 1868 416 Ἐτεοκλης
1897 357 1972 405 καὶ
2000 357 2267 417 Πολυνείκης,
2298 355 2391 406 οὐδὲ
2422 364 2447 406 o‘

5 462 11 470 .
84 424 225 487 πατὴρ
254 426 397 471 αὐτῶν
423 421 626 480 Οιδιπους
655 426 1059 509 „ovyyevo'yevoc
1096 443 1157 496 τη
1206 443 1367 491 μητρι
1402 426 1496 472 καὶ
1532 424 1736 472 οὶνελῶν
1771 429 1866 472 τον
1902 425 2143 491 ‘satique‘
2171 430 2356 485 (scholn)

230 493 529 538 Dissecuimus
565 494 707 551 igitur
744 495 982 559 συναίμονος
1018 497 1065 539 ιιι
1103 495 1304 560 σόναιμον
1339 495 1370 538 6
1372 515 1390 547 ς
1428 501 1474 538 et
1502 501 1530 548 η
1559 492 1606 537 δέ
1641 497 1687 539 ιιι
1717 495 1816 539 οτδέ
1848 499 2128 542 mutavimus.
2185 497 2449 542 Addidimus

83 563 343 628 πατροφόνος
379 563 669 619 πολυπενθιίς,
704 577 783 619 pro
821 565 979 619 quibus
1017 565 1152 608 etiam
1181 564 1370 616 Λαιειίδας
1407 564 1703 626 πατροφὸντας
1739 566 1950 621 conicias,
1992 565 2067 611 vel
2105 564 2146 611 si
2183 564 2291 620 quid
2327 565 2450 612 aliud

83 633 214 677 malis
251 632 307 676 de
343 632 495 676 multis
531 646 646 687 quae
682 634 817 678 obvia
853 637 971 677 sunt.
1027 633 1118 677 Nos
1154 633 1293 678 solam
1330 646 1424 678 rem
1463 637 1510 677 et
1535 633 1804 679 sententiam
1834 633 2135 690 definivimu8‚
2176 646 2264 680 non
2293 632 2446 681 verba.

82 703 150 746 Ne
163 701 276 746 illud
291 699 466 754 quidem
483 700 630 745 dicere
651 702 806 757 ausim,
833 715 918 756 quo
933 715 1040 746 casu
1056 701 1167 746 haec
1193 700 1334 746 verba
1361 700 1687 747 interciderint.
1743 703 1863 749 Satis
1892 707 1962 750 est
1986 702 2199 750 facillime
2223 714 2278 749 ea
2301 701 2449 759 perire

82 767 298 826 potuisse,
335 779 434 812 cum
473 770 521 813 et
558 771 758 814 extrema
794 772 945 815 essent
982 767 1121 815 totius
1157 768 1368 826 strophae
1405 781 1549 826 neque
1587 769 1698 818 adeo
1737 771 1794 818 ad
1832 771 2134 829 complendam
2177 770 2448 818 sententiam

81 834 352 902 necessaria,
390 839 442 882 ut
477 848 566 883 non
603 851 684 894 pro
722 836 1027 885 additamento
1064 837 1232 896 aliquo,
1270 837 1387 895 quod
1433 850 1585 885 rursus
1623 840 1909 887 resecandum
1956 844 2093 892 esset.
2141 852 2169 886 a
2211 839 2450 886 curiosiore

82 902 266 951 librario
293 902 450 950 haberi
477 909 673 961 possent.
701 932 757 939 —
787 907 951 952 Ἦλθεν
982 907 1255 965 singularem
1293 907 1571 953 servavimus
1607 909 1707 965 ipsa
1746 909 1982 966 flagitante
2019 911 2295 965 coniectura3
2335 921 2449 964 quae

83 975 232 1019 tamen
260 972 336 1020 vel
363 972 448 1019 hac
473 985 564 1020 una
590 987 640 1021 re
668 976 818 1034 cadet,
844 976 884 1022 si
911 988 1066 1022 verum
1093 976 1210 1023 vidit
1240 976 1561 1033 KirchhoffinS‚
1602 987 1698 1021 cum
1727 988 1752 1021 e
1781 977 2032 1022 scholiastis
2061 967 2203 1034 ἦλθον
2229 977 2448 1033 pluralem

83 1045 136 1087 ut
175 1051 328 1087 veram
378 1041 613 1089 lectionem
666 1043 843 1090 efficere
893 1056 1023 1102 posse
1056 1044 1298 1089 videretur.
1363 1044 1613 1089 Scholiasta
1651 1044 1768 1087 enim
1806 1045 1902 1099 ille,
1950 1057 2077 1098 quem
2121 1057 2257 1100 supra
2299 1043 2448 1098 attuli,

83 1109 160 1153 ubi
187 1109 402 1164 explicuit
423 1123 580 1156 versus
607 1112 740 1157 sicuti
763 1114 928 1158 dictum
952 1117 1033 1167 est,
1062 1113 1129 1157 ita
1151 1112 1322 1192 pergit.
1351 1111 1532 1156 δύναται
1559 1106 1603 1155 δὲ
1623 1110 1697 1155 καὶ
1719 1110 1789 1156 ἐπι
1817 1130 1893 1156 του
1932 1108 2196 1165 Ἐτεοκλέους
2226 1117 2328 1175 riq-310
2327 1112 2445 1157 ’σθαι

82 1180 107 1222 ό
135 1175 255 1236 λόγος
281 1175 358 1223 καὶ
385 1176 558 1242 ἐροόμεν
588 1176 732 1235 οὕτως·
770 1183 819 1226 ov’
846 1180 983 1226 καλον
1010 1180 1189 1243 γέννημα
1216 1183 1253 1224 οἱ
1281 1179 1334 1244 μὴ
1363 1180 1528 1246 νόμιμοι
1556 1181 1711 1233 παῖδες
1739 1198 1791 1250 τη
1833 1180 1968 1256 μητρί,
1997 1177 2081 1225 οἷον
2110 1182 2342 1235 Ἐτεοκλης
2370 1177 2447 1224 καὶ

81 1242 385 1300 Πολυνείκης,
369 1262 415 1289 εκ
428 1243 578 1307 λέχους
599 1264 675 1290 του
705 1250 851 1291 αὐτου
871 1266 1032 1311 πατρος
1060 1266 1135 1291 και
1151 1248 1354 1327 οεὶδελψου
1383 1247 1582 1300 ἐλθόντες
1610 1266 1664 1300 εις
1680 1257 1791 1329 φῶς,
1818 1250 1872 1293 ιν’
1899 1241 1937 1314 73⁹
1965 1250 2017 1292 το
2047 1248 2247 1310 σύναψον
2277 1246 2445 1304 (amai-

81 1313 216 1375 μονος)
243 1311 342 1357 ἀντὶ
368 1314 584 1378 ἀδελφου,
622 1317 674 1360 το
702 1312 746 1361 δε
776 1335 832 1370 εις
859 1313 980 1376 λέχος
1019 1315 1119 1361 ἀντὶ
1145 1314 1191 1360 ἐκ
1225 1310 1392 1374 λεχους,
1424 1317 1618 1378 λόχευμα
1646 1310 1689 1362 δε
1719 1316 1772 1362 το
1798 1312 1986 1379 γέννημα.
2017 1344 2072 1350 -
2101 1316 2256 1372 „Unde
2282 1317 2436 1373 patet“

80 1379 226 1436 inquit
252 1381 560 1440 KirchhoffiuS,
589 1387 662 1440 „et
690 1383 832 1442 η’λθον
861 1384 1000 1431 fuisse
1029 1384 1077 1430 in
1104 1383 1346 1441 archetypo
1374 1396 1456 1430 nec
1482 1384 1646 1430 lectum
1675 1384 1739 1431 ibi
1767 1388 1808 1441 η’,
1836 1384 1951 1441 quod
1979 1384 2085 1431 libri
2112 1384 2316 1430 inserunt
2342 1387 2444 1441 post

80 1448 279 1513 ποιτοο’.ι;ιι
335 1452 461 1499 Haec
487 1465 570 1510 ego
598 1454 788 1500 concedo
816 1454 872 1500 de
900 1457 928 1510 ἡ
957 1452 1160 1509 articulo,
1187 1451 1263 1508 qui
1288 1455 1334 1498 et
1357 1452 1521 1498 scholio
1546 1456 1593 1498 et
1615 1453 1854 1510 sententia,
1877 1456 1929 1499 ut
1948 1453 2151 1509 vidimuS,
2181 1452 2445 1514 excluditur,

80 1533 168 1566 non
189 1520 379 1567 concedo
409 1521 464 1568 de
492 1520 644 1578 ηλθον.
700 1523 814 1569 Nam
843 1514 986 1579 ηλθον
1013 1525 1060 1568 et
1088 1513 1228 1579 ηλθεν
1255 1520 1353 1578 pari
1380 1520 1477 1567 iure
1503 1524 1630 1578 sunt3
1658 1526 1891 1579 utrumque
1915 1521 1961 1569 in
1983 1522 2148 1568 scholio
2172 1522 2442 1580 agnoscitur,

80 1592 142 1645 ut,
169 1589 258 1635 nisi
285 1589 379 1635 alia
405 1590 633 1648 accedant,
662 1592 773 1637 haec
799 1605 871 1637 res
898 1592 996 1637 sola
1023 1591 1070 1635 in
1099 1593 1304 1635 neutram
1333 1593 1506 1645 partem
1531 1594 1797 1635 momentum
1821 1587 1999 1636 habeat.
2054 1591 2152 1636 Iam
2175 1603 2282 1635 vero
2301 1591 2443 1646 adest,

80 1657 197 1712 quod
222 1671 316 1703 rem
343 1659 419 1704 vel
446 1659 493 1704 in
521 1659 763 1717 singularis
791 1664 965 1716 partem
994 1658 1198 1714 inclinet,
1238 1662 1290 1703 ut
1327 1671 1382 1702 ex
1419 1658 1515 1713 ipso
1544 1658 1709 1703 scholio
1737 1659 1812 1704 vel
1841 1658 2108 1703 contrarium
2138 1662 2274 1714 atque
2300 1658 2446 1704 voluit

80 1724 379 1772 Kirchhoffius
406 1727 760 1785 argumentando
788 1728 908 1773 effici
934 1727 1089 1784 possit.
1147 1725 1439 1771 Scholiastam
1466 1725 1643 1781 quidem
1682 1726 1971 1771 concesserim
2008 1726 2055 1770 in
2096 1739 2147 1771 eo
2185 1726 2320 1782 libro,
2363 1738 2448 1781 quo

80 1797 173 1837 tum
207 1792 325 1838 forte
361 1795 591 1850 utebatur,
627 1795 840 1851 scriptum
877 1795 1086 1839 habuisse
1122 1786 1275 1849 ἦλθον.
1341 1794 1455 1837 Nam
1500 1793 1539 1837 si
1584 1806 1673 1838 non
1711 1794 1915 1850 legisset,
1953 1794 1992 1838 si
2030 1794 2259 1838 habuisset
2295 1793 2445 1849 potius

81 1853 220 1916 ηλθεν
250 1865 297 1906 et
324 1875 438 1917 quae
463 1875 554 1908 uua
582 1876 680 1908 cum
707 1864 790 1908 hoc
818 1861 1044 1919 explicuit,
1071 1875 1160 1906 non
1187 1860 1387 1917 profecto
1415 1859 1506 1915 ille,
1540 1859 1581 1904 si
1608 1864 1707 1906 erat
1734 1860 1895 1906 mentis
1923 1874 2043 1917 suae,
2080 1860 2445 1917 interpretationi

80 1929 366 2009 planissimae
393 1930 672 1975 adiunxisset
699 1931 887 1975 alteram
915 1943 1023 1976 vere
1050 1932 1373 1974 monstruosam
1401 1932 1448 1973 et
1473 1940 1562 1982 qua
1588 1929 1798 1983 loquendi
1826 1929 2095 1975 consuetudo
2134 1930 2206 1985 (εἰς
2235 1924 2445 1989 λέχος-
2389 1968 2446 1975 -.

80 1996 125 2041 ἐκ
151 1993 318 2057 λέχους)
346 1998 612 2043 invertatur.
668 1999 841 2043 Habuit
877 1999 956 2044 ille
994 1998 1147 2055 igitur,
1185 1987 1327 2053 nmov
1362 2000 1409 2041 et
1450 1996 1677 2053 explicuit,
1713 2004 1764 2043 ut
1800 1998 1959 2054 potuit.
2016 1999 2080 2043 At
2109 2010 2226 2054 vero,
2255 1996 2370 2053 quod
2398 2002 2445 2043 et

80 2065 167 2111 sibi
193 2069 241 2110 et
268 2065 632 2122 interpretationi
658 2079 766 2112 suae
802 2080 891 2113 non
928 2067 1026 2112 sine
1064 2079 1199 2112 causa
1235 2064 1487 2120 diffidebat,
1526 2064 1621 2110 loco
1659 2065 1776 2112 hanc
1813 2064 1962 2122 posuit
1998 2065 2207 2122 secund0‚
2243 2066 2445 2133 alteram

81 2146 211 2189 quam
241 2147 266 2179 e
293 2134 407 2180 libro
435 2147 515 2180 suo
539 2148 694 2181 eruere
716 2149 805 2182 non
838 2135 998 2193 potuit,
1035 2134 1245 2192 primario
1276 2133 1607 2191 putandumque
1641 2137 1723 2191 est,
1751 2147 1847 2180 cum
1873 2135 1955 2180 hoc
1979 2133 2159 2190 faceret,
2187 2111 2445 2190 persuasum’

81 2201 124 2247 ei
149 2202 289 2248 fuisse
315 2202 542 2249 meliorem
569 2216 619 2249 se
645 2204 770 2259 sequi
798 2208 934 2260 atque
965 2204 1261 2259 antiquiorem
1298 2202 1566 2248 memoriam.
1624 2203 1963 2259 Obtemperavit
1997 2203 2095 2247 sine
2132 2203 2263 2247 dubio
2303 2203 2440 2258 prisci

80 2269 266 2316 alicuius
294 2270 556 2326 interpretis
584 2271 860 2328 auctoritati,
897 2272 973 2327 qui
1000 2272 1096 2327 ipse
1125 2270 1228 2316 olim
1255 2269 1370 2314 libro
1409 2269 1664 2325 incorrupto
1703 2282 1807 2314 usus
1848 2274 1967 2325 erat;
2011 2270 2133 2313 cuius
2171 2274 2265 2313 tum
2302 2270 2444 2314 verba

79 2336 297 2393 recipiens
325 2349 422 2382 cum
450 2339 656 2394 apposita
678 2339 868 2383 vidisset
889 2339 1040 2391 verbis
1065 2342 1237 2394 poetae,
1266 2338 1352 2383 etsi
1375 2350 1464 2381 non
1487 2337 1576 2381 iam
1603 2339 1884 2392 quadrabant
1910 2350 2006 2382 cum
2032 2338 2100 2393 iis,
2129 2341 2176 2381 et
2199 2337 2443 2394 vestigium

79 2405 243 2450 inscius
271 2406 454 2461 reliquit
480 2406 733 2463 negationis
764 2403 862 2452 οέδέ
889 2411 936 2452 et
964 2397 1105 2462 ἢλθεν
1131 2406 1261 2452 simul
1299 2409 1350 2450 ut
1377 2404 1611 2450 lectionem
1639 2405 1875 2461 pristinam
1904 2409 2039 2461 atque
2066 2417 2219 2450 veram
2247 2409 2443 2450 testatus

80 2475 162 2516 est.
201 2497 256 2504 —-
292 2473 450 2518 Totius
487 2477 636 2518 autem
673 2474 802 2518 huius
838 2474 1189 2530 perturbationis
1227 2473 1369 2529 origo,
1410 2476 1461 2515 ut
1497 2472 1595 2516 fieri
1631 2472 1763 2526 solet,
1806 2484 1936 2525 quam
1976 2471 2303 2526 simplicissima
2341 2472 2443 2516 fuit.

78 2539 258 2598 Ingruit
283 2541 378 2598 illa,
405 2541 482 2587 ubi
511 2559 712 2605 συναιμον
742 2561 781 2596 ος
810 2542 857 2588 ιιι
884 2555 1020 2588 ιιιιιιιιι
1048 2541 1318 2596 coaluerunt,
1347 2552 1430 2595 quo
1458 2538 1576 2584 facto
1605 2563 1660 2571 —
1687 2543 1734 2584 et
1761 2538 1858 2584 fieri
1885 2551 2030 2595 paene
2058 2550 2241 2584 necesse
2270 2537 2443 2584 fuit-

79 2619 136 2653 ne
162 2609 394 2666 negationi
417 2610 592 2666 quidem
619 2607 717 2656 οὐδέ
743 2612 829 2658 loci
857 2612 1092 2667 quidquam
1120 2610 1220 2656 fuit.
1270 2610 1383 2654 Nam
1412 2604 1510 2652 οὐδέ
1538 2605 1776 2671 συναίμονος
1806 2614 1861 2662 εἰς
1888 2604 2010 2669 λέχος
2046 2599 2188 2663 ηλθεν
2209 2607 2324 2652 nihil
2347 2615 2448 2653 erat

79 2687 222 2732 neque
249 2676 407 2735 fugere
436 2690 695 2735 quemquam
722 2685 900 2736 poterat
929 2679 1198 2725 contrarium
1225 2690 1405 2734 prorsus
1434 2676 1667 2721 dicendum
1696 2689 1805 2732 esse,
1843 2677 1940 2721 sive
1968 2677 2027 2720 ad
2055 2676 2274 2731 Oedipum
2300 2677 2444 2721 verba

78 2744 354 2790 referrentur
379 2747 477 2792 sive
505 2747 564 2791 ad
590 2748 824 2793 Iocastam.
880 2750 991 2794 Tum
1018 2762 1125 2793 vero
1156 2751 1193 2791 οἱ
1222 2743 1269 2790 δέ
1296 2745 1430 2790 scribi
1458 2747 1659 2799 coeptum
1697 2748 1784 2799 est,
1824 2744 1938 2799 quod
1974 2743 2117 2788 traxit
2157 2743 2313 2798 η’,λθον
2350 2748 2445 2790 ιιιιιι

79 2817 105 2868 η·
134 2808 194 2866 δι’,
221 2814 336 2869 quod
364 2818 514 2859 exstat
542 2815 588 2860 ιιι
607 2816 748 2872 libris,
775 2821 869 2862 tum
889 2816 1080 2862 fortasse
1100 2815 1235 2861 etiam
1254 2833 1330 2859 του
1368 2809 1414 2858 δέ
1442 2816 1489 2858 et
1516 2816 1540 2856 ο
1569 2806 1627 2864 δέ,
1657 2810 1759 2856 aliis
1781 2811 1947 2857 duobus
1966 2811 2157 2868 scholiis,
2185 2811 2274 2858 nisi
2296 2811 2443 2865 fallor,

77 2878 352 2936 significata.
389 2882 552 2941 πατρός
590 2878 634 2928 δὲ
669 2900 746 2928 του
792 2903 870 2929 και
907 2882 1146 2948 συναίμονος
1184 2888 1238 2936 εἰς
1274 2878 1396 2942 λέχος
1428 2880 1571 2936 η’λὸον
1599 2884 1646 2925 et
1671 2897 1829 2939 παι-ρος
1858 2874 1933 2941 γάρ
1961 2877 2201 2941 συναίμονος
2232 2886 2288 2934 εἰς
2316 2884 2441 2940 λέχος

79 2937 232 3002 ἢλθεν,
257 2946 288 2993 ὅ’
315 2947 407 2994 ἐστι
434 2968 512 2995 του
549 2951 742 3016 ἀδελφοῦ
771 2955 913 3000 αυτῶν
939 2972 1016 2998 του
1054 2950 1287 3005 Οἰδίποδος.
1331 2951 1385 2996 Ιιι
1399 2950 1490 2995 illis
1514 2949 1630 2994 enim
1644 2966 1721 2992 του
1746 2945 1793 2992 δέ
1805 2949 1966 3004 respici
1980 2948 2199 3005 videtur,'
2186 2962 2234 2994 ιιι
2250 2949 2362 2994 his
2336 2970 2357 2994 ο
2380 2947 2440 3002 δέ,

78 3026 165 3069 qua
189 3015 388 3072 pertinet
416 3010 576 3077 ηλθεν,
612 3033 754 3077 neque
781 3025 833 3068 ut
860 3021 1098 3069 videbatur
1125 3018 1419 3075 Kirchhoffio,
1456 3017 1714 3063 mutandum
1752 3017 1834 3063 hoc
1869 3017 1915 3063 ιιι
1945 3009 2089 3073 η’λθον
2120 3020 2207 3070 est,
2245 3017 2353 3064 licet
2380 3030 2446 3064 se-

220 3171 251 3224 ¹)
274 3171 376 3215 Libri
399 3175 535 3223 partim
561 3165 815 3235 συναίμονος,
838 3177 975 3229 Partim
999 3178 1116 3221 solum
1131 3169 1329 3237 συναιμον
1353 3187 1399 3219 ιιι.
1424 3176 1503 3216 sive
1529 3176 1564 3225 1,
1589 3174 1667 3214 sive
1691 3176 1725 3214 2.
