2593 3663
1207 69 1298 116 VII

67 206 154 258 Ed.
167 205 376 257 Schwarz
401 204 670 252 scholiastae
690 206 952 254 recentioris
975 208 1142 256 aetatis
1162 209 1337 266 tribuit,
1365 211 1732 259 monstruositate
1757 213 1950 262 fortasse
1971 215 2179 265 inductus
2206 219 2443 268 abstrusae

64 275 295 324 doctrinae
312 286 455 331 >quam
482 273 562 319 ille
588 287 699 330 prae
723 287 774 320 se
802 275 911 331 fert,
947 277 1026 321 vix
1064 278 1229 334 dignae
1267 279 1532 334 antiquioris
1567 283 1733 327 aetatis
1772 283 2110 340 interpretibus·
2167 288 2443 343 Quamquam

61 344 182 391 haud
209 342 300 391 scio
328 354 389 389 an
426 341 653 389 confector
688 342 819 388 huius
853 344 1011 390 scholii
1048 345 1244 392 melioris
1283 352 1434 392 tamen
1475 351 1642 395 aetatis
1672 351 1881 409 vestigiis
1910 353 2144 400 institerit.
2203 356 2292 402 Vix
2323 358 2440 404 enim

61 411 223 460 adduci
247 423 440 471 possum,
466 414 519 455 ut
547 410 666 455 forte
693 414 861 456 temere
882 425 981 456 eum
1002 413 1209 458 intulisse
1228 419 1380 469 putem
1401 416 1449 460 in
1472 417 1887 472 interpretationem
1912 434 2038 465 suam
2063 436 2217 468 vocem
2246 427 2442 479 τιθασός,

59 481 191 526 immo
223 491 323 523 eum
349 478 565 523 scholium
593 482 701 523 ante
736 479 884 523 oculos
913 479 1122 525 habuisse
1157 482 1366 537 arbitror,
1395 484 1442 528 iu
1478 497 1563 538 quo
1592 484 1782 542 αψαλίων
1813 488 2082 546 (aedituum),
2110 496 2159 536 ut
2191 494 2440 549 oportebat,

61 547 361 604 explicaretur
397 545 549 591 verbis
586 546 645 608 μή
683 548 879 592 τιθασῶν
912 548 987 593 vel
1025 548 1264 594 ἀτιθασῶν.
1321 551 1410 597 Ubi
1446 553 1633 598 evanuit
1665 554 1719 598 de
1755 554 1938 611 άψαλιον
1965 577 1996 601 α
2022 559 2297 614 privativum
2326 562 2443 616 quod

59 616 245 669 vocant,
287 611 475 658 evanuit
502 612 638 658 etiam
668 613 724 658 de
752 613 1127 670 interpretatione
1159 618 1364 674 negatio,
1401 622 1453 664 ut
1481 632 1577 664 cum
1606 618 1783 677 αψοίλιος
1823 628 1943 668 esset
1977 625 2102 680 ἵππος
2142 627 2196 690 μὴ
2236 633 2441 674 τιθασευ-

60 683 210 747 όμενος,
237 679 385 743 ψάλιος
413 681 502 726 iam
531 681 661 727 fieret
683 683 1002 746 τιθασευόμενος
1028 685 1101 730 vel
1116 687 1309 739 τιθασός.
1363 687 1482 732 Hinc
1496 689 1652 744 opinor
1675 690 1834 733 mirum
1855 690 1966 736 illud
1981 694 2158 740 exstitit
2172 696 2441 743 scholiastae

61 753 372 805 commentum,
415 761 466 794 eo
507 753 658 795 tamen
697 751 1003 807 qualecunque
1042 755 1113 796 est
1147 754 1366 810 notabile,
1409 756 1524 809 quod
1553 769 1638 812 quo
1667 757 1921 815 perversius
1952 765 2045 816 est,
2090 774 2141 806 eo
2171 762 2440 812 luculentius

60 817 241 867 videtur
269 829 368 864 esse
395 816 494 865 veri
522 817 727 882 genetivi
755 830 883 865 casus
911 819 1228 866 testimonium.

1220 1380 1283 1430 Π.

209 1543 444 1601 Pergimus
474 1544 533 1590 ad
561 1543 758 1590 eiusdem
786 1544 993 1591 carminis
1020 1557 1094 1591 vv.
1124 1547 1348 1589 817--820
1376 1549 1423 1592 et
1451 1559 1479 1592 a
1508 1550 1648 1593 metro
1679 1551 1725 1593 et
1754 1561 1782 1593 a
1811 1548 2039 1594 sententia
2070 1548 2440 1605 corruptissimos.

90 1628 169 1668 815
200 1623 439 1688 δυσδαίμων
469 1622 588 1685 δ’ἒρις
616 1621 739 1670 ἄλλα
765 1624 926 1671 θάλλει
952 1623 1116 1672 παίδων
1377 1626 1570 1687 Ἀργείοις
1600 1628 1859 1684 ε’ττιπνετὲσας
1888 1631 2107 1690 Σπαρτῶν
2136 1628 2294 1689 γένναν,

204 1694 424 1741 Οἰδιπόδα
451 1688 566 1740 κατὰ
594 1693 772 1760 δόματα
799 1692 875 1740 καὶ
902 1695 1042 1741 πόλιν.
1377 1696 1723 1763 ἀσπιδοφέρμονα
1751 1700 1909 1745 ,θίασον
1938 1696 2133 1752 εῧοπλον,

201 1764 273 1809 Ου’
299 1762 379 1823 γάρ
409 1756 438 1808 8
466 1762 521 1826 μὴ
548 1763 686 1810 καλόν
717 1759 865 1809 οὔποτ’
893 1759 972 1828 ἔφυ
1002 1763 1153 1818 καλόν,
1377 1765 1614 1813 ἀντίπαλον
1641 1762 1758 1814 κατὰ
1786 1768 1921 1813 λαίνα
1949 1767 2107 1828 τείχεα,

203 1832 333 1877 οὖδόί
361 1830 416 1894 μὴ
444 1830 614 1895 νόμιμοι
1222 1874 1281 1881 -.,
1377 1837 1531 1895 χαλκῷ
1560 1836 1787 1901 κοσμήσας·

204 1901 374 1952 παῖδες,
402 1897 531 1964 ματρὶ
557 1899 763 1963 λόχευμα,
793 1898 960 1964 μίασμα
988 1900 1161 1959 πατρός.
1373 1897 1435 1948 ⁴·ss
1465 1905 1586 1948 δεινα1
1610 1923 1675 1958 τις
1697 1902 1815 1965 ’Έρις
1845 1906 1956 1958 θεός,
1983 1901 2019 1949 οἳ
2046 1904 2149 1948 τάδε
2173 1962 2178 1966 ἡ

88 1970 171 2010 820
199 1973 226 2024 ’2‘
255 1963 299 2013 δὲ
330 1965 576 2032 συναίμονος
605 1974 661 2021 εἰς
690 1966 814 2028 λέχος
841 1957 990 2024 ἢλθεν.
1378 1972 1541 2034 μήσατο
1571 1974 1752 2037 πήματα
1779 1981 1850 2033 γᾶς
1880 1975 2152 2033 βασιλεῦσιν,

204 2069 1111 2082 ..............
1377 2040 1657 2100 Λαβδακίδαις
1686 2042 1992 2106 πολυμόχθοις.

205 2117 357 2163 Verba
386 2119 437 2161 ου·
464 2110 540 2177 γὰρ
569 2110 599 2161 θ
627 2116 681 2181 μὴ
709 2109 848 2161 καλόν
876 2113 1021 2162 οὔποτ’
1052 2114 1131 2182 ἔφυ
1159 2119 1296 2164 καλόν
1323 2123 1445 2166 recte
1472 2120 1537 2165 sic
1564 2121 1833 2166 scholiastae
1867 2122 2246 2177 interpretantur:
2285 2116 2443 2163 οὔποτε

57 2187 193 2229 τοῦτο
219 2186 357 2231 καλόν
380 2183 489 2244 ὅπερ
518 2186 631 2229 aito*
659 2185 736 2240 τὴν
763 2185 896 2248 ἀρχὴν
924 2186 1016 2229 ciero*
1043 2185 1156 2246 ῥίζης
1185 2187 1239 2250 μὴ
1269 2186 1349 2252 ἔφυ
1376 2189 1527 2240 καλόν,
1553 2189 1582 2232 i.
1612 2201 1649 2231 e.
1669 2190 1785 2242 quod
1805 2202 1833 2232 a
1852 2188 2071 2243 principio
2095 2188 2329 2231 honestum
2355 2201 2443 2231 non

58 2253 209 2310 fuerit,
237 2266 463 2310 uunquam
479 2254 572 2298 fiet.
609 2254 922 2298 Praedicatum
953 2255 1001 2297 οὐ
1026 2254 1163 2299 καλόν
1192 2252 1272 2319 ἔφυ
1301 2256 1436 2300 etiam
1457 2256 1515 2300 ad
1533 2256 1735 2311 proxima
1755 2256 1973 2312 pertinet3
2002 2268 2105 2299 nam
2133 2248 2250 2298 κατὰ
2279 2257 2445 2310 umor-3

58 2323 110 2367 ut
136 2321 205 2368 ait
230 2321 485 2376 scholiasta,
512 2320 566 2364 ro*
595 2323 644 2364 ου’
672 2321 821 2373 καλόν,
847 2320 1321 2377 interpretandumque
1351 2327 1441 2367 est:
1471 2318 1567 2367 οὐδὲ
1595 2324 1733 2366 καλόν
1761 2324 1913 2374 παῖδες
1939 2319 2101 2385 ἔφυσαν
2129 2326 2168 2365 οἱ
2189 2321 2243 2385 μὴ
2265 2322 2442 2386 νόμιμοι.

59 2388 188 2436 Trita
214 2401 287 2435 res
315 2389 622 2447 praedicatum
649 2388 830 2447 generis
858 2387 1074 2444 neutriuS‚
1104 2401 1187 2434 nec
1215 2402 1297 2447 ego
1323 2390 1553 2446 quicquam
1582 2391 1798 2447 contra1).
1842 2390 1962 2434 Illud
1982 2389 2127 2434 minus
2147 2390 2442 2446 perspicuum,

58 2470 136 2504 cur
162 2461 390 2517 tamquam
418 2471 474 2504 ex
501 2458 702 2516 opposito
745 2457 828 2503 filii
856 2454 984 2522 ματρὶ
1012 2457 1206 2521 λόχευμα
1234 2459 1518 2514 appellentur
1552 2463 1599 2504 et
1627 2457 1794 2524 μίασμα
1837 2458 2000 2518 πατρός
2036 2462 2116 2504 aut
2149 2471 2228 2503 cur
2266 2458 2444 2504 omnino

59 2540 133 2572 eos
161 2541 187 2572 e
213 2531 357 2573 matre
384 2531 515 2573 natos
545 2540 644 2573 esse
680 2526 949 2581 affirmetur,
992 2539 1089 2570 cum
1128 2527 1264 2571 simus
1303 2540 1467 2571 omnes.
1523 2528 1661 2572 Patet
1699 2528 1971 2573 adiectivum
2011 2527 2263 2572 addendum
2301 2527 2441 2572 fuisse

64 2600 145 2643 aut
171 2598 446 2656 genetivum,
474 2610 559 2655 quo
574 2598 780 2643 Iocastae
801 2599 958 2652 partus
979 2608 1007 2640 a
1027 2596 1184 2651 quovis
1200 2596 1288 2641 alio
1317 2596 1686 2654 distingueretur.
1745 2595 1923 2652 Optime
1951 2595 2129 2651 quidem
2157 2595 2444 2652 Musgravius

56 2664 231 2729 νόμιμον
255 2678 337 2722 pro
364 2665 534 2731 νόμιμοι
563 2664 1016 2720 acquiescendumque
1054 2664 1246 2710 fortasse
1283 2664 1401 2710 foret
1439 2666 1486 2710 in
1525 2666 1611 2711 hac
1639 2666 1912 2721 coniectura,
1951 2664 1991 2710 si
2029 2677 2083 2709 ea
2123 2664 2259 2709 etiam
2293 2667 2443 2709 cetera

58 2733 399 2789 expedirentur3
428 2737 479 2778 at
506 2736 659 2778 manet
687 2730 854 2795 μίασμα
876 2732 1053 2790 πατρός,
1079 2737 1264 2777 manent
1291 2733 1407 2778 vitia
1435 2738 1688 2789 metrorum,
1718 2746 1832 2788 quae
1870 2734 1969 2777 sive
1998 2731 2114 2786 quod
2138 2744 2296 2775 manca
2323 2735 2441 2786 sunt,

57 2800 154 2846 sive
183 2801 465 2858 conturbata,
493 2801 618 2846 nullo
645 2799 773 2844 modo
803 2798 1112 2855 antistrophae
1140 2800 1428 2856 respondent.
1485 2800 1692 2845 Distorta
1722 2801 1858 2845 etiam
1888 2804 2023 2854 atque
2050 2811 2264 2855 perversa
2292 2798 2439 2842 ultimi

56 2880 213 2915 versus
226 2870 454 2918 sententia
469 2873 557 2916 est:
586 2873 613 2926 η’
644 2863 688 2914 δὲ
718 2865 965 2934 συναίμονος
995 2872 1050 2922 εὶς
1069 2864 1194 2930 λέχος
1221 2857 1376 2925 ἦλθεν,
1403 2869 1486 2915 hoc
1504 2869 1601 2926 ipso
1621 2868 1799 2914 nomine
1821 2867 2168 2922 condemnanda,
2189 2866 2305 2921 quod
2325 2878 2439 2920 quae

58 2937 258 2984 continet
285 2937 343 2982 de
363 2937 592 2993 Oedipode
610 2937 758 2992 potius
776 2939 828 2981 ut
845 2937 943 2981 viro
966 2949 1054 2981 non
1075 2937 1131 2981 de
1151 2937 1331 2982 Iocasta
1351 2938 1540 2982 dicenda
1559 2938 1754 2992 fuerunt,
1783 2937 1839 2980 cf.
1861 2949 1904 2981 v.
1929 2939 2032 2977 1611
2056 2940 2102 2979 et
2122 2934 2319 2990 Theogn.
2342 2936 2436 2977 912.

205 3003 332 3061 Quae
371 3017 470 3050 cum
497 3003 565 3050 ita
592 3004 707 3060 sint,
744 3016 834 3048 non
872 3006 994 3047 certe
1024 3006 1095 3048 est
1122 3016 1200 3048 cur
1228 3004 1455 3061 miremur,
1496 3005 1612 3060 quod
1640 3004 1777 3049 etiam
1805 3003 1892 3049 viri
1921 3002 2150 3048 doctrinae
2177 3000 2439 3057 ingeniique

200 3182 230 3239 ¹)
263 3181 475 3230 Simillimus
498 3182 596 3230 Med,
620 3194 657 3221 v.
683 3183 778 3221 1083
801 3172 976 3236 ἀνιαρδν
1002 3174 1151 3226 παῖδες
1178 3168 1417 3218 τελέθουσι.
