2593 3663
1193 76 1280 122 XV

59 221 247 268 inlatum
289 228 386 263 esse
421 217 529 271 puto
570 211 714 274 χθόνα
739 212 852 260 illud
879 213 993 270 quod
1020 217 1122 270 post
1150 210 1258 278 αἷμα
1284 213 1321 260 δ’
1349 219 1406 269 εἰς
1434 213 1613 272 legitur,
1648 226 1729 272 pro
1768 226 1852 271 quo
1888 214 2040 262 dubito
2069 214 2174 272 quid
2205 227 2420 274 reponen-

60 290 161 336 dum
189 299 285 333 esse
313 295 529 339 censeam,
557 294 818 338 quamquam
845 281 951 337 qnid
980 282 1068 329 dici
1095 283 1293 340 potnerit
1321 282 1454 329 facile
1481 287 1683 340 apparet.
1741 283 2047 340 Proposuerim
2084 296 2166 341 ego
2201 285 2275 330 vel
2317 288 2422 345 ὁρᾶν

60 356 134 403 vel
159 352 283 406 sim,
300 357 304 360 ’
319 350 433 407 quod
469 362 567 395 cum
603 349 794 413 αἱμόδεις
830 350 1028 396 iunctum
1064 351 1286 408 significet
1316 352 1515 407 „blutrot
1547 351 1817 396 anzusehn“.
1875 352 2130 407 Comparari
2157 357 2343 408 possunt
2373 358 2420 397 et

58 423 155 482 Iph.
183 421 285 469 Aul.
313 432 357 472 v.
388 420 494 463 1585
522 415 678 484 ἔλαφος
708 416 832 465 ἔκειτ’
858 417 931 465 ἐπὶ
957 417 1083 481 χθονί
1109 420 1227 465 Ἰδεῖν
1254 418 1421 484 μεγίστη
1447 419 1678 483 διαπρέπης
1699 436 1746 463 τε
1773 420 1850 477 τὴν
1875 419 2000 473 θέαν,
2028 423 2075 464 et
2102 420 2321 465 innumeri
2349 421 2419 466 illi

59 491 140 538 alii
167 500 336 545 versus,
362 486 441 532 ubi
467 486 583 532 sicut
606 487 653 532 in
678 487 755 533 illo
781 488 877 545 ipso
891 488 1156 545 Iphigeniae
1180 489 1280 533 ἰδεϊν
1310 489 1384 534 vel
1408 493 1511 548 ὁρᾶν
1531 503 1611 546 per
1633 490 1955 536 abundantiam
1979 490 2201 545 quandam
2225 489 2419 534 additur.

58 558 143 617 (Cf-
170 557 336 604 Phoen.
367 557 444 597 146
472 551 632 620 ὄμμασι
658 556 795 619 Τοργός
824 558 1010 613 cladrim
1039 557 1194 615 Antig.
1214 560 1294 599 206
1318 558 1552 603 αὶκωθέντ’
1581 561 1703 614 ὶδείῐνς
1731 559 1828 614 Iph.
1853 560 1907 602 A.
1934 561 2016 598 270
2039 559 2164 621 msera
2186 558 2426 619 ταυρόπουν

58 628 189 688 ὁρᾶνς
217 629 320 686 ὁρᾶν
346 623 540 684 στυγερδς
568 614 637 679 τῗν,
663 625 787 680 alia).

201 692 464 750 Asyndeton
492 724 505 737 .
533 724 545 736 .
573 690 846 755 ἐσφενδονᾶτ’·
874 691 1052 753 ἑγνιόριῶ
1080 726 1092 738 .
1121 726 1133 738 .
1161 726 1173 738 .
1203 693 1337 739 facile
1375 693 1643 740 defenditur.
1700 695 1929 740 Particula
1958 694 2005 741 δέ
2035 707 2091 750 po
2099 694 2190 740 sita
2217 698 2303 750 est,
2331 693 2425 739 ubi·

57 775 226 817 cunque
248 760 366 806 actio
390 759 689 816 continuatur,
715 765 817 817 post
843 757 934 817 ἤδη,
956 765 1058 817 post
1081 758 1304 818 ἓκτυπησε,
1327 765 1429 818 post
1448 760 1503 807 ἐκ.
1546 762 1635 809 Ubi
1650 762 1856 808 absoluta
1881 765 1951 808 est
1974 762 2111 808 verbo
2135 760 2420 825 ἐσφενδονᾶτο,

56 831 209 877 horror
234 827 478 885 spectaculi
506 827 657 886 efficit,
685 832 736 874 ut
764 829 948 876 nuntius
976 830 1104 886 quasi
1132 829 1336 888 respiret,
1375 834 1613 886 antequam
1641 835 1803 889 pergat
1841 831 1899 875 ad
1927 830 2119 887 singula.
2177 830 2244 875 Cf.
2272 831 2421 875 Kuhn.

57 898 135 946 Gr.
163 897 189 955 g
217 898 311 953 546,
340 898 381 941 3.

201 964 362 1012 Utrum
388 963 552 1024 yvoe'pw’
580 965 815 1021 scribatur,
842 978 901 1011 an
931 965 1112 1027 e'yvoe'qw’
1142 967 1254 1012 elisa
1280 966 1409 1012 verbi
1436 964 1706 1031 ἐσφεαθονᾶτο
1735 968 1895 1012 ultima
1923 966 2082 1022 vocali,
2110 967 2241 1022 parvi
2265 966 2420 1011 refert.

57 1033 196 1079 Deest
221 1035 507 1090 augmentum
535 1032 672 1076 etiam
699 1033 746 1077 in
774 1034 932 1077 Bacch.
947 1049 990 1081 v.
1024 1038 1129 1075 1134
1158 1040 1184 1090 ἤ
1214 1036 1250 1077 δ’
1278 1033 1389 1095 ἴχνος
1418 1037 1568 1087 αὐταῖς
1597 1035 1811 1096 ἀρβΰλαις·
1839 1036 2072 1096 γυμνοῦντο
2091 1033 2151 1085 δέ,
2180 1034 2236 1077 de
2263 1047 2350 1088 qua
2376 1048 2427 1078 re

56 1102 159 1148 vide
187 1101 348 1147 Matth.
378 1101 457 1147 Gr.
485 1114 553 1159 gr.
585 1102 608 1145 Ι
637 1102 662 1159 ξ
694 1105 786 1158 160,
817 1105 841 1141 2
871 1106 918 1145 et
945 1103 1094 1146 Kuhn.
1124 1104 1146 1146 Ι
1176 1104 1200 1159 g
1233 1106 1325 1157 199,
1356 1108 1394 1145 5.

198 1457 423 1504 Candidus
452 1470 507 1503 en
536 1470 619 1515 ego
647 1471 672 1503 e
698 1463 935 1515 praecepto
963 1463 1122 1515 poetae
1150 1460 1377 1515 impertivi
1413 1472 1526 1514 qnae
1562 1460 1710 1504 habui.
1767 1461 1834 1503 Tu
1873 1471 1979 1503 vero
2016 1460 2080 1513 „si
2109 1460 2215 1513 quid
2245 1460 2414 1503 novisti

55 1527 219 1572 rectius
241 1526 367 1571 istis“
393 1526 449 1570 de
471 1526 566 1570 loco
590 1527 789 1571 involuto
813 1532 943 1572 nocte
968 1532 1015 1571 et
1035 1528 1246 1579 tenebris,
1270 1527 1346 1572 ubi
1371 1528 1465 1572 labi
1489 1531 1536 1572 et
1559 1540 1710 1572 errare
1733 1527 2004 1581 facillimum,
2032 1530 2257 1570 errantem
2279 1526 2415 1571 velim

54 1595 264 1652 corrigas,
292 1608 485 1641 errorem
512 1595 655 1652 ipsum
685 1610 781 1641 cum
809 1597 926 1641 bona
952 1597 1088 1642 venia
1116 1596 1347 1642 condones.
